eventType,eventTimestamp,executionID,orderID,instrumentID,side,quantity,price,trader,venueID,assetClass,,,,,
new,2019.12.31D21:38:00.000000000,B&S_TransactionID_Internal1_B,BAS_OrderID_Internal1_B,BAS1,B,10,1.05,FDUUID,BMF,COMM_EXCH,,,,,
new,2019.12.31D21:38:00.000000000,B&S_TransactionID_Internal1_S,BAS_OrderID_Internal1_S,BAS1,S,10,1.05,FDUUID,BMF,COMM_EXCH,,,,,
new,2019.12.31D21:38:15.000000000,B&S_TransactionID5,BAS_OrderID105,BAS1,B,25,1.04,FDUUID,BMF,COMM_EXCH,,,,,
new,2019.12.31D21:38:35.350000000,B&S_TransactionID6,BAS_OrderID106,BAS1,S,15,1.05,FDUUID,BMF,COMM_EXCH,,,,,
new,2019.12.31D21:39:36.360000000,B&S_TransactionID7,BAS_OrderID107,BAS1,S,20,1.06,FDUUID,BMF,COMM_EXCH,,,,,
new,2019.12.31D21:38:00.000000000,B&S_TransactionID_Internal2_B,BAS_OrderID_Internal2_B,BAS2,B,10,1.05,FDUUID,BMF,COMM_EXCH,,,,,
new,2019.12.31D21:38:00.000000000,B&S_TransactionID_Internal2_S,BAS_OrderID_Internal2_S,BAS2,S,10,1.05,FDUUID,BMF,COMM_EXCH,,,,,
new,2019.12.31D21:38:15.000000000,B&S_TransactionID15,BAS_OrderID205,BAS2,B,25,1.06,FDUUID,BMF,COMM_EXCH,,,,,
new,2019.12.31D21:38:35.350000000,B&S_TransactionID16,BAS_OrderID206,BAS2,S,15,1.05,FDUUID,BMF,COMM_EXCH,,,,,
new,2019.12.31D21:39:36.360000000,B&S_TransactionID17,BAS_OrderID207,BAS2,S,20,1.06,FDUUID,BMF,COMM_EXCH,,,,,
new,2019.12.31D21:38:35.350000000,25,BAS/1000016,BHP,S,15,1.06,REF_FDTRADER2,Exch1,RATES_EXCH,,,,,
new,2019.12.31D21:39:36.360000000,26,BAS/1000017,BHP,S,20,1.06,REF_FDTRADER2,Exch1,RATES_EXCH,,,,,
new,2019.12.31D20:38:35.002000000,9,BAS/1000006,SUBID1,S,15,1.06,REF_FDTRADER1,Exch1,COMM_EXCH,,,,,
new,2019.12.31D20:39:36.002000000,10,BAS/1000007,SUBID1,S,20,1.06,REF_FDTRADER1,Exch1,COMM_EXCH,,,,,
new,2019.12.31D15:00:11.000000000,B&S_S3_TradeID11,BAS_S3_OrderID11,bsSym3,B,100,5.0003,bsTrader3,CBT,COMM_EXCH,,,,,
new,2019.12.31D15:00:12.000000000,B&S_S3_TradeID10,BAS_S3_OrderID10,bsSym3,B,100,5.0002,bsTrader3,CBT,COMM_EXCH,,,,,
new,2019.12.31D15:00:13.000000000,B&S_S3_TradeID9,BAS_S3_OrderID9,bsSym3,B,100,5.0001,bsTrader3,CBT,COMM_EXCH,,,,,
new,2019.12.31D15:00:14.000000000,B&S_S3_TradeID8,BAS_S3_OrderID8,bsSym3,B,100,5.0001,bsTrader3,CBT,COMM_EXCH,,,,,
new,2019.12.31D15:00:15.000000000,B&S_S3_TradeID7,BAS_S3_OrderID7,bsSym3,B,400,5.0013,bsTrader3,CBT,COMM_EXCH,,,,,
new,2019.12.31D16:00:13.000000000,B&S_S5_TradeID1B,BAS_S5_OrderID1B,bsSym5,B,100,6.0001,bsTrader5,CBT,COMM_EXCH,,,,,
new,2019.12.31D16:00:13.000000000,B&S_S5_TradeID1O,BAS_S5_OrderID1O,bsSym5,B,100,6.0002,otherTDR,CBT,COMM_EXCH,,,,,
new,2019.12.31D16:00:14.000000000,B&S_S5_TradeID1Bb,BAS_S5_OrderID1Bb,bsSym5,B,100,6.0001,bsTrader5,CBT,COMM_EXCH,,,,,
new,2019.12.31D16:00:14.000000000,B&S_S5_TradeID2B,BAS_S5_OrderID2B,bsSym5,B,100,6.0001,bsTrader5,CBT,COMM_EXCH,,,,,
new,2019.12.31D16:00:14.002000000,B&S_S5_TradeID11,BAS_S5_OrderID11,bsSym5,B,99,5.9997,bsTrader5,CBT,COMM_EXCH,,,,,
new,2019.12.31D16:00:14.004000000,B&S_S5_TradeID5,BAS_S5_OrderID5,bsSym5,S,140,5.9999,bsTrader5,CBT,COMM_EXCH,,,,,
new,2019.12.31D16:00:16.000000000,B&S_S5_TradeID12,BAS_S5_OrderID12,bsSym5,B,198,5.9997,bsTrader5,CBT,COMM_EXCH,,,,,
new,2019.12.31D16:00:17.000000000,B&S_S5_TradeID13,BAS_S5_OrderID13,bsSym5,B,99,5.9997,bsTrader5,CBT,COMM_EXCH,,,,,
new,2019.12.31D16:00:18.000000000,B&S_S5_TradeID14,BAS_S5_OrderID14,bsSym5,B,198,5.9998,bsTrader5,CBT,COMM_EXCH,,,,,
new,2019.12.31D16:00:19.000000000,B&S_S5_TradeID6,BAS_S5_OrderID6,bsSym5,S,150,5.9999,bsTrader5,CBT,COMM_EXCH,,,,,
new,2019.12.31D16:00:19.000000000,B&S_S5_TradeID15,BAS_S5_OrderID15,bsSym5,B,99,5.9998,bsTrader5,CBT,COMM_EXCH,,,,,
new,2019.12.31D09:38:35.350000000,B&S_S6_TradeID1,BAS_S6_OrderID6,bsSym6,S,15,1.06,REF_FDTRADER2,Exch1,RATES_EXCH,,,,,
new,2019.12.31D09:39:36.360000000,B&S_S6_TradeID2,BAS_S6_OrderID7,bsSym6,S,20,1.06,REF_FDTRADER2,Exch1,RATES_EXCH,,,,,
new,2019.12.31D23:59:59.000000000,B&S_S6_TradeID3,BAS_S6_OrderID70,bsSym6,S,20,1.06,REF_FDTRADER2,Exch1,RATES_EXCH,,,,,
new,2019.12.31D21:38:35.350000000,B&S_S7_TradeID1,BAS_S7_OrderID6,bsSym7,S,15,1.06,REF_FDTRADER2,Exch1,RATES_EXCH,,,,,
new,2019.12.31D21:39:36.360000000,B&S_S7_TradeID2,BAS_S7_OrderID7,bsSym7,S,20,1.06,REF_FDTRADER2,Exch1,RATES_EXCH,,,,,
new,2019.12.31D12:30:32.000000000,MI_FEDS-FX-GZ-TradeID1,MI-noRelatedOrderID1,EURUSD,B,100,1.01,FEDSFDTrader1,,FX_OTC,,,,,
new,2019.12.31D12:30:45.000000000,MI_FEDS-FX-GZ-TradeID2,MI-noRelatedOrderID2,EURUSD,B,100,1.01,FEDSFDTrader1,,FX_OTC,,,,,
new,2019.12.31D12:31:10.000000000,MI_FEDS-FX-GZ-TradeID3,MI-noRelatedOrderID3,EURUSD,B,100,1.01,FEDSFDTrader1,,FX_OTC,,,,,
new,2019.12.31D12:31:20.000000000,MI_FEDS-FX-GZ-TradeID4,MI-noRelatedOrderID4,EURUSD,B,100,1.01,FEDSFDTrader1,,FX_OTC,,,,,
new,2019.12.31D12:32:30.000000000,MI_FEDS-FX-GZ-TradeID5,MI-noRelatedOrderID5,EURUSD,B,100,1.01,FEDSFDTrader1,,FX_OTC,,,,,
new,2019.12.31D12:32:32.000000000,MI_FEDS-FX-GZ-TradeID6,MI-noRelatedOrderID6,EURUSD,B,100,1.01,FEDSFDTrader1,,FX_OTC,,,,,
new,2019.12.31D12:32:45.000000000,MI_FEDS-FX-GZ-TradeID7,MI-noRelatedOrderID7,EURUSD,B,100,1.03,FEDSFDTrader1,,FX_OTC,,,,,
new,2019.12.31D12:33:10.000000000,MI_FEDS-FX-GZ-TradeID8,MI-noRelatedOrderID8,EURUSD,B,100,1.02,FEDSFDTrader1,,FX_OTC,,,,,
new,2019.12.31D12:33:20.000000000,MI_FEDS-FX-GZ-TradeID9,MI-noRelatedOrderID9,EURUSD,B,100,1.03,FEDSFDTrader1,,FX_OTC,,,,,
new,2019.12.31D12:34:30.000000000,MI_FEDS-FX-GZ-TradeID10,MI-noRelatedOrderID10,EURUSD,B,100,1.04,FEDSFDTrader1,,FX_OTC,,,,,
new,2019.12.31D12:34:32.000000000,MI_FEDS-FX-GZ-TradeID11,MI-noRelatedOrderID11,EURUSD,B,100,1.11,FEDSFDTrader1,,FX_OTC,,,,,
new,2019.12.31D12:34:45.000000000,MI_FEDS-FX-GZ-TradeID12,MI-noRelatedOrderID12,EURUSD,S,100,1.11,FEDSFDTrader1,,FX_OTC,,,,,
new,2019.12.31D12:35:10.000000000,MI_FEDS-FX-GZ-TradeID13,MI-noRelatedOrderID13,EURUSD,S,100,1.11,FEDSFDTrader1,,FX_OTC,,,,,
new,2019.12.31D12:35:20.000000000,MI_FEDS-FX-GZ-TradeID14,MI-noRelatedOrderID14,EURUSD,S,100,1.11,FEDSFDTrader1,,FX_OTC,,,,,
new,2019.12.31D12:35:30.000000000,MI_FEDS-FX-GZ-TradeID15,MI-noRelatedOrderID15,EURUSD,S,100,1.11,FEDSFDTrader1,,FX_OTC,,,,,
new,2019.12.31D12:30:32.004000000,MI_MIS1TradeID1,MI0160407/1000001,MI_Sym,B,100,1.01,100,GCBOT,EQUITIES_EXCH_3,,,,,
new,2019.12.31D12:30:45.007000000,MI_MIS1TradeID2,MI0160407/1000002,MI_Sym,B,100,1.01,100,GCBOT,EQUITIES_EXCH_3,,,,,
new,2019.12.31D12:31:10.011000000,MI_MIS1TradeID3,MI0160407/1000004,MI_Sym,B,100,1.01,100,GCBOT,EQUITIES_EXCH_3,,,,,
new,2019.12.31D12:31:20.011000000,MI_MIS1TradeID4,MI0160407/1000005,MI_Sym,B,100,1.01,100,GCBOT,EQUITIES_EXCH_3,,,,,
new,2019.12.31D12:32:30.011000000,MI_MIS1TradeID5,MI0160407/1000006,MI_Sym,B,100,1.01,100,GCBOT,EQUITIES_EXCH_3,,,,,
new,2019.12.31D12:32:32.004000000,MI_MIS1TradeID6,MI0160407/1000007,MI_Sym,B,100,1.01,100,GCBOT,EQUITIES_EXCH_3,,,,,
new,2019.12.31D12:32:45.007000000,MI_MIS1TradeID7,MI0160407/1000008,MI_Sym,B,100,1.03,100,GCBOT,EQUITIES_EXCH_3,,,,,
new,2019.12.31D12:33:10.011000000,MI_MIS1TradeID8,MI0160407/1000009,MI_Sym,B,100,1.02,100,GCBOT,EQUITIES_EXCH_3,,,,,
new,2019.12.31D12:33:20.011000000,MI_MIS1TradeID9,MI0160407/1000010,MI_Sym,B,100,1.03,100,GCBOT,EQUITIES_EXCH_3,,,,,
new,2019.12.31D12:34:30.011000000,MI_MIS1TradeID10,MI0160407/1000011,MI_Sym,B,100,1.04,100,GCBOT,EQUITIES_EXCH_3,,,,,
new,2019.12.31D12:34:32.011000000,MI_MIS1TradeID11,MI0160407/1000012,MI_Sym,B,100,1.11,100,GCBOT,EQUITIES_EXCH_3,,,,,
new,2019.12.31D12:34:45.007000000,MI_MIS1TradeID12,MI0160407/1000002,MI_Sym,S,100,1.11,100,GCBOT,EQUITIES_EXCH_3,,,,,
new,2019.12.31D12:35:10.011000000,MI_MIS1TradeID13,MI0160407/1000004,MI_Sym,S,100,1.11,100,GCBOT,EQUITIES_EXCH_3,,,,,
new,2019.12.31D12:35:20.011000000,MI_MIS1TradeID14,MI0160407/1000005,MI_Sym,S,100,1.11,100,GCBOT,EQUITIES_EXCH_3,,,,,
new,2019.12.31D12:35:30.011000000,MI_MIS1TradeID15,MI0160407/1000006,MI_Sym,S,100,1.11,100,GCBOT,EQUITIES_EXCH_3,,,,,
new,2019.12.31D15:00:00.000000000,MI_MIS2TradeID1,MIOrderID1,MI_TRSym,B,1000,12.3401,FDTrader,BMF,EQUITIES_EXCH_1,,,,,
new,2019.12.31D15:00:00.001000000,MI_BMF-trade16,BMF-order16,MI_TRSym,B,1000,12.3401,BMF-trader16,BMF,EQUITIES_EXCH_1,,,,,
new,2019.12.31D15:00:00.004000000,MI_BMF-trade17,BMF-order17,MI_TRSym,B,2500,12.3402,BMF-trader17,BMF,EQUITIES_EXCH_1,,,,,
new,2019.12.31D15:00:00.005000000,MI_MIS2TradeID2,MIOrderID2,MI_TRSym,B,2000,12.3402,FDTrader,CBT,EQUITIES_EXCH_2,,,,,
new,2019.12.31D15:00:00.007000000,MI_MIS2TradeID2S,MIOrderID2S,MI_TRSym,S,4000,12.3402,FDTrader,CBT,EQUITIES_EXCH_2,,,,,
new,2019.12.31D15:00:00.010000000,MI_MIS2TradeID3,MIOrderID3,MI_TRSym,B,3000,12.3403,FDTrader,BMF,EQUITIES_EXCH_1,,,,,
new,2019.12.31D15:00:00.010000000,MI_CBT-trade1,CBT-order1,MI_TRSym,B,3000,12.3402,CBT-trader1,CBT,EQUITIES_EXCH_2,,,,,
new,2019.12.31D15:00:00.011000000,MI_BMF-trade18,BMF-order18,MI_TRSym,B,2500,12.3403,BMF-trader18,BMF,EQUITIES_EXCH_1,,,,,
new,2019.12.31D15:00:00.012000000,MI_BMF-trade19,BMF-order19,MI_TRSym,B,700,12.3403,BMF-trader19,BMF,EQUITIES_EXCH_1,,,,,
new,2019.12.31D15:00:00.014000000,MI_BMF-trade20,BMF-order20,MI_TRSym,B,9000,12.3404,BMF-trader20,BMF,EQUITIES_EXCH_1,,,,,
new,2019.12.31D15:00:00.015000000,MI_MIS2TradeID4,MIOrderID4,MI_TRSym,B,4000,12.3404,FDTrader,CBT,EQUITIES_EXCH_2,,,,,
new,2019.12.31D15:00:00.015000000,MI_BMF-trade21,BMF-order21,MI_TRSym,B,11000,12.3404,BMF-trader21,BMF,EQUITIES_EXCH_1,,,,,
new,2019.12.31D15:00:00.016000000,MI_MIS2TradeID5,MIOrderID5,MI_TRSym,B,5000,12.3405,FDTrader,BMF,EQUITIES_EXCH_1,,,,,
new,2019.12.31D15:00:00.016000000,MI_CBT-trade2,CBT-order2,MI_TRSym,B,5000,12.3405,CBT-trader2,CBT,EQUITIES_EXCH_2,,,,,
new,2019.12.31D15:00:00.016100000,MI_BMF-trade22,BMF-order22,MI_TRSym,B,12000,12.3405,BMF-trader22,BMF,EQUITIES_EXCH_1,,,,,
new,2019.12.31D15:00:00.016500000,MI_CBT-trade3,CBT-order3,MI_TRSym,B,10000,12.3406,CBT-trader3,CBT,EQUITIES_EXCH_2,,,,,
new,2019.12.31D15:00:00.016500000,MI_BMF-trade23,BMF-order23,MI_TRSym,B,15000,12.3405,BMF-trader23,BMF,EQUITIES_EXCH_1,,,,,
new,2019.12.31D15:00:00.017000000,MI_MIS2TradeID6,MIOrderID6,MI_TRSym,B,6000,12.3406,FDTrader,CBT,EQUITIES_EXCH_2,,,,,
new,2019.12.31D15:00:00.017000000,MI_BMF-trade24,BMF-order24,MI_TRSym,B,20000,12.3406,BMF-trader24,BMF,EQUITIES_EXCH_1,,,,,
new,2019.12.31D15:00:00.017200000,MI_CBT-trade4,CBT-order4,MI_TRSym,B,11000,12.3406,CBT-trader4,CBT,EQUITIES_EXCH_2,,,,,
new,2019.12.31D15:00:00.017500000,MI_CBT-trade5,CBT-order5,MI_TRSym,B,12000,12.3407,CBT-trader5,CBT,EQUITIES_EXCH_2,,,,,
new,2019.12.31D15:00:00.017500000,MI_BMF-trade25,BMF-order25,MI_TRSym,B,25000,12.3407,BMF-trader25,BMF,EQUITIES_EXCH_1,,,,,
new,2019.12.31D15:00:00.017800000,MI_CBT-trade6,CBT-order6,MI_TRSym,B,15000,12.3408,CBT-trader6,CBT,EQUITIES_EXCH_2,,,,,
new,2019.12.31D15:00:00.018000000,MI_MIS2TradeID7,MIOrderID7,MI_TRSym,B,7000,12.3407,FDTrader,BMF,EQUITIES_EXCH_1,,,,,
new,2019.12.31D15:00:00.018000000,MI_MIS2TradeID8,MIOrderID8,MI_TRSym,B,8000,12.3408,FDTrader,CBT,EQUITIES_EXCH_2,,,,,
new,2019.12.31D15:00:00.018100000,MI_BMF-trade26,BMF-order26,MI_TRSym,B,30000,12.3408,BMF-trader26,BMF,EQUITIES_EXCH_1,,,,,
new,2019.12.31D15:00:00.018200000,MI_CBT-trade7,CBT-order7,MI_TRSym,B,11000,12.3409,CBT-trader7,CBT,EQUITIES_EXCH_2,,,,,
new,2019.12.31D15:00:00.018200000,MI_BMF-trade27,BMF-order27,MI_TRSym,B,25000,12.3408,BMF-trader27,BMF,EQUITIES_EXCH_1,,,,,
new,2019.12.31D15:00:00.018300000,MI_BMF-trade28,BMF-order28,MI_TRSym,B,9000,12.3408,BMF-trader28,BMF,EQUITIES_EXCH_1,,,,,
new,2019.12.31D15:00:00.018400000,MI_BMF-trade29,BMF-order29,MI_TRSym,B,14000,12.3408,BMF-trader29,BMF,EQUITIES_EXCH_1,,,,,
new,2019.12.31D15:00:00.018500000,MI_CBT-trade8,CBT-order8,MI_TRSym,B,12000,12.3409,CBT-trader8,CBT,EQUITIES_EXCH_2,,,,,
new,2019.12.31D15:00:00.018500000,MI_BMF-trade30,BMF-order30,MI_TRSym,B,33000,12.3408,BMF-trader30,BMF,EQUITIES_EXCH_1,,,,,
new,2019.12.31D15:00:00.018600000,MI_BMF-trade31,BMF-order31,MI_TRSym,B,50000,12.3409,BMF-trader31,BMF,EQUITIES_EXCH_1,,,,,
new,2019.12.31D15:00:00.018700000,MI_BMF-trade32,BMF-order32,MI_TRSym,B,45000,12.3409,BMF-trader32,BMF,EQUITIES_EXCH_1,,,,,
new,2019.12.31D15:00:00.018800000,MI_BMF-trade33,BMF-order33,MI_TRSym,B,25000,12.3409,BMF-trader33,BMF,EQUITIES_EXCH_1,,,,,
new,2019.12.31D15:00:00.018900000,MI_BMF-trade34,BMF-order34,MI_TRSym,B,31000,12.3409,BMF-trader34,BMF,EQUITIES_EXCH_1,,,,,
new,2019.12.31D15:00:00.019000000,MI_MIS2TradeID9,MIOrderID9,MI_TRSym,B,9000,12.3409,FDTrader,BMF,EQUITIES_EXCH_1,,,,,
new,2019.12.31D15:00:00.019000000,MI_CBT-trade9,CBT-order9,MI_TRSym,B,10000,12.3409,CBT-trader9,CBT,EQUITIES_EXCH_2,,,,,
new,2019.12.31D15:00:00.019100000,MI_BMF-trade35,BMF-order35,MI_TRSym,B,19000,12.3409,BMF-trader35,BMF,EQUITIES_EXCH_1,,,,,
new,2019.12.31D15:00:00.019200000,MI_BMF-trade36,BMF-order36,MI_TRSym,B,60000,12.341,BMF-trader36,BMF,EQUITIES_EXCH_1,,,,,
new,2019.12.31D15:00:00.019300000,MI_BMF-trade37,BMF-order37,MI_TRSym,B,72000,12.3411,BMF-trader37,BMF,EQUITIES_EXCH_1,,,,,
new,2019.12.31D15:00:00.019400000,MI_BMF-trade38,BMF-order38,MI_TRSym,B,8000,12.3411,BMF-trader38,BMF,EQUITIES_EXCH_1,,,,,
new,2019.12.31D15:00:00.019500000,MI_CBT-trade10,CBT-order10,MI_TRSym,B,25000,12.341,CBT-trader10,CBT,EQUITIES_EXCH_2,,,,,
new,2019.12.31D15:00:00.019500000,MI_BMF-trade39,BMF-order39,MI_TRSym,B,14000,12.3411,BMF-trader39,BMF,EQUITIES_EXCH_1,,,,,
new,2019.12.31D15:00:00.019600000,MI_BMF-trade40,BMF-order40,MI_TRSym,B,80000,12.3411,BMF-trader40,BMF,EQUITIES_EXCH_1,,,,,
new,2019.12.31D15:00:00.019700000,MI_BMF-trade41,BMF-order41,MI_TRSym,B,120000,12.3412,BMF-trader41,BMF,EQUITIES_EXCH_1,,,,,
new,2019.12.31D15:00:00.019800000,MI_BMF-trade42,BMF-order42,MI_TRSym,B,100000,12.3412,BMF-trader42,BMF,EQUITIES_EXCH_1,,,,,
new,2019.12.31D15:00:00.019900000,MI_BMF-trade43,BMF-order43,MI_TRSym,B,25000,12.3412,BMF-trader43,BMF,EQUITIES_EXCH_1,,,,,
new,2019.12.31D15:00:00.020000000,MI_MIS2TradeID10,MIOrderID10,MI_TRSym,B,10000,12.341,FDTrader,CBT,EQUITIES_EXCH_2,,,,,
new,2019.12.31D15:00:00.020000000,MI_BMF-trade44,BMF-order44,MI_TRSym,B,150000,12.3413,BMF-trader44,BMF,EQUITIES_EXCH_1,,,,,
new,2019.12.31D15:00:00.021000000,MI_BMF-trade45,BMF-order45,MI_TRSym,B,40000,12.3413,BMF-trader45,BMF,EQUITIES_EXCH_1,,,,,
new,2019.12.31D15:00:00.022000000,MI_CBT-trade11,CBT-order11,MI_TRSym,B,11000,12.341,CBT-trader11,CBT,EQUITIES_EXCH_2,,,,,
new,2019.12.31D15:00:00.022000000,MI_BMF-trade46,BMF-order46,MI_TRSym,B,25000,12.3413,BMF-trader46,BMF,EQUITIES_EXCH_1,,,,,
new,2019.12.31D15:00:00.023000000,MI_CBT-trade12,CBT-order12,MI_TRSym,B,500,12.341,CBT-trader12,CBT,EQUITIES_EXCH_2,,,,,
new,2019.12.31D15:00:00.023000000,MI_BMF-trade47,BMF-order47,MI_TRSym,B,20000,12.3413,BMF-trader47,BMF,EQUITIES_EXCH_1,,,,,
new,2019.12.31D15:00:00.024000000,MI_BMF-trade48,BMF-order48,MI_TRSym,B,15000,12.3413,BMF-trader48,BMF,EQUITIES_EXCH_1,,,,,
new,2019.12.31D15:00:00.025000000,MI_MIS2TradeID11,MIOrderID11,MI_TRSym,S,11000,12.3412,FDTrader,BMF,EQUITIES_EXCH_1,,,,,
new,2019.12.31D15:00:00.026000000,MI_CBT-trade13,CBT-order13,MI_TRSym,B,10000,12.3411,CBT-trader13,CBT,EQUITIES_EXCH_2,,,,,
new,2019.12.31D15:00:00.026000000,MI_BMF-trade49,BMF-order49,MI_TRSym,B,15000,12.3412,BMF-trader49,BMF,EQUITIES_EXCH_1,,,,,
new,2019.12.31D15:00:00.028000000,MI_CBT-trade14,CBT-order14,MI_TRSym,B,8000,12.341,CBT-trader14,CBT,EQUITIES_EXCH_2,,,,,
new,2019.12.31D15:00:00.028000000,MI_BMF-trade50,BMF-order50,MI_TRSym,B,8000,12.3412,BMF-trader50,BMF,EQUITIES_EXCH_1,,,,,
new,2019.12.31D15:00:00.029000000,MI_CBT-trade15,CBT-order15,MI_TRSym,B,25000,12.341,CBT-trader15,CBT,EQUITIES_EXCH_2,,,,,
new,2019.12.31D15:00:00.030000000,MI_MIS2TradeID12,MIOrderID12,MI_TRSym,S,12000,12.3412,FDTrader,CBT,EQUITIES_EXCH_2,,,,,
new,2019.12.31D15:00:00.030000000,MI_BMF-trade51,BMF-order51,MI_TRSym,B,5000,12.3412,BMF-trader51,BMF,EQUITIES_EXCH_1,,,,,
new,2019.12.31D15:00:00.035000000,MI_BMF-trade52,BMF-order52,MI_TRSym,B,1000,12.3412,BMF-trader52,BMF,EQUITIES_EXCH_1,,,,,
new,2019.12.31D15:00:00.040000000,MI_BMF-trade53,BMF-order53,MI_TRSym,B,2000,12.3412,BMF-trader53,BMF,EQUITIES_EXCH_1,,,,,
new,2019.12.31D15:00:00.045000000,MI_MIS2TradeID13,MIOrderID13,MI_TRSym,S,15000,12.3411,FDTrader,BMF,EQUITIES_EXCH_1,,,,,
new,2019.12.31D15:00:00.100000000,MI_MIS2TradeID14,MIOrderID14,MI_TRSym,S,20000,12.3411,FDTrader,CBT,EQUITIES_EXCH_2,,,,,
new,2019.12.31D16:00:00.000000000,MI_MIS3TradeID1,10001,SpcPack20150508,S,2000,1.01,mainTraderID,BBG,COMM_EXCH,,,,,
new,2019.12.31D16:01:00.000000000,MI_MIS3TradeID2,10002,SpcPack20150508,S,5000,1.02,Trader20,BBG,COMM_EXCH,,,,,
new,2019.12.31D16:02:30.300000000,MI_MIS3TradeID3,10003,SpcPack20150508,S,1000,1.01,mainTraderID,BBG,COMM_EXCH,,,,,
new,2019.12.31D16:03:00.000000000,MI_MIS3TradeID4,10004,SpcPack20150508,S,4000,1,mainTraderID,BBG,COMM_EXCH,,,,,
new,2019.12.31D16:04:00.000000000,MI_MIS3TradeID5,10005,SpcPack20150508,S,4000,1,Trader21,BBG,COMM_EXCH,,,,,
new,2019.12.31D16:08:00.000000000,MI_MIS3TradeID6,10006,SpcPack20150508,S,4000,0.98,Trader22,BBG,COMM_EXCH,,,,,
new,2019.12.31D16:12:00.000000000,MI_MIS3TradeID7,10007,SpcPack20150508,B,2000,0.95,mainTraderID,BBG,COMM_EXCH,,,,,
new,2019.12.31D16:14:30.300000000,MI_MIS3TradeID8,10008,SpcPack20150508,S,1000,0.93,mainTraderID,BBG,COMM_EXCH,,,,,
new,2019.12.31D16:15:30.300000000,MI_MIS3TradeID9,10009,SpcPack20150508,S,5000,0.92,Trader23,BBG,COMM_EXCH,,,,,
new,2019.12.31D16:16:00.000000000,MI_MIS3TradeID10,10010,SpcPack20150508,S,5000,0.92,Trader24,BBG,COMM_EXCH,,,,,
new,2019.12.31D16:17:00.000000000,MI_MIS3TradeID11,10011,SpcPack20150508,B,4000,0.94,Trader25,BBG,COMM_EXCH,,,,,
new,2019.12.31D16:17:20.200000000,MI_MIS3TradeID12,10012,SpcPack20150508,S,3000,0.91,Trader26,BBG,COMM_EXCH,,,,,
new,2019.12.31D16:17:49.490000000,MI_MIS3TradeID13,10013,SpcPack20150508,S,2000,0.89,Trader27,BBG,COMM_EXCH,,,,,
new,2019.12.31D16:18:00.000000000,MI_MIS3TradeID14,10014,SpcPack20150508,S,4000,0.87,mainTraderID,BBG,COMM_EXCH,,,,,
new,2019.12.31D16:19:30.300000000,MI_MIS3TradeID15,10015,SpcPack20150508,B,5000,0.89,Trader28,BBG,COMM_EXCH,,,,,
new,2019.12.31D16:20:00.000000000,MI_MIS3TradeID16,10016,SpcPack20150508,B,5000,0.9,Trader29,BBG,COMM_EXCH,,,,,
new,2019.12.31D16:20:10.100000000,MI_MIS3TradeID17,10017,SpcPack20150508,S,2000,0.89,Trader30,BBG,COMM_EXCH,,,,,
new,2019.12.31D16:20:30.300000000,MI_MIS3TradeID18,10018,SpcPack20150508,S,3000,0.89,Trader31,BBG,COMM_EXCH,,,,,
new,2019.12.31D16:20:45.450000000,MI_MIS3TradeID19,10019,SpcPack20150508,B,1000,0.89,mainTraderID,BBG,COMM_EXCH,,,,,
new,2019.12.31D16:21:10.100000000,MI_MIS3TradeID20,10020,SpcPack20150508,S,5000,0.87,Trader32,BBG,COMM_EXCH,,,,,
new,2019.12.31D16:21:55.550000000,MI_MIS3TradeID21,10021,SpcPack20150508,S,2000,0.85,Trader33,BBG,COMM_EXCH,,,,,
new,2019.12.31D16:22:10.100000000,MI_MIS3TradeID22,10022,SpcPack20150508,S,3000,0.84,Trader34,BBG,COMM_EXCH,,,,,
new,2019.12.31D16:22:40.400000000,MI_MIS3TradeID23,10023,SpcPack20150508,S,2000,0.82,mainTraderID,BBG,COMM_EXCH,,,,,
new,2019.12.31D16:23:20.200000000,MI_MIS3TradeID24,10024,SpcPack20150508,S,5000,0.84,Trader35,BBG,COMM_EXCH,,,,,
new,2019.12.31D16:24:20.200000000,MI_MIS3TradeID25,10025,SpcPack20150508,S,2000,0.85,Trader36,BBG,COMM_EXCH,,,,,
new,2019.12.31D16:25:00.000000000,MI_MIS3TradeID26,10026,SpcPack20150508,S,15000,0.79,mainTraderID,BBG,COMM_EXCH,,,,,
new,2019.12.31D16:25:05.050000000,MI_MIS3TradeID27,10027,SpcPack20150508,B,2000,0.79,mainTraderID,BBG,COMM_EXCH,,,,,
new,2019.12.31D16:25:06.060000000,MI_MIS3TradeID28,10028,SpcPack20150508,B,4000,0.78,mainTraderID,BBG,COMM_EXCH,,,,,
new,2019.12.31D15:00:00.012000000,MI_BMF-trade54,BMF-order54,otherSym,B,2000000,102.5,BMF-trader54,BMF,EQUITIES_EXCH_1,,,,,
new,2019.12.31D15:00:00.018300000,MI_BMF-trade55,BMF-order55,otherSym,B,3000000,102.6,BMF-trader55,BMF,EQUITIES_EXCH_1,,,,,
new,2019.12.31D21:30:29.005000000,3980/20160407/5775010/2,OTT0160407/577501019,USM5,B,200000,1.3501,REF_FDTraderX,GCBOT,COMM_EXCH,,,,,
new,2019.12.31D21:40:29.008000000,3980/20160407/5775010/3,OTT0160407/577501023,USM5,S,200000,1.3502,REF_FDTraderY,GCBOT,COMM_EXCH,,,,,
new,2019.12.31D20:30:29.004000000,3980/20160407/5775010/1,OTT0160407/577501015,USM6,B,200000,1.35,REF_FDTrader99ay,GCBOX,COMM_EXCH,,,,,
new,2019.12.31D22:05:05.000000000,noTrade,OTT_LQT_Oid5,XYZ_LQTest,S,500,1.3502,REF_FDTraderY,GCBOT,COMM_EXCH,,,,,
new,2019.12.31D10:01:00.000000000,PAT_EXCH_tradeID1,PAT_EXCH_orderID1,PAT_sym,B,10000,1.26,MTCTrader,GCBOT,COMM_EXCH,,,,,
new,2019.12.31D10:01:00.000000000,PAT_EXCH_tradeID2,PAT_EXCH_orderID2,PAT_sym,S,10000,1.26,MTCTrader,GCBOT,COMM_EXCH,,,,,
new,2019.12.31D10:01:25.000000000,PAT_EXCH_tradeID4,PAT_EXCH_orderID4,PAT_sym,B,18000,1.2602,MTCTrader,GCBOT,COMM_EXCH,,,,,
new,2019.12.31D10:01:28.000000000,PAT_EXCH_tradeID4,PAT_EXCH_orderID4,PAT_sym,B,2000,1.2603,MTCTrader,GCBOT,COMM_EXCH,,,,,
new,2019.12.31D10:01:30.000000000,PAT_EXCH_tradeID3,PAT_EXCH_orderID3,PAT_sym,S,18000,1.2602,MTCTrader,GCBOT,COMM_EXCH,,,,,
new,2019.12.31D10:01:40.000000000,PAT_EXCH_tradeID5,PAT_EXCH_orderID5,PAT_sym,B,2500,1.2604,MTCTrader,GCBOT,COMM_EXCH,,,,,
new,2019.12.31D10:01:40.000000000,PAT_EXCH_tradeID5,PAT_EXCH_orderID5,PAT_sym,B,500,1.2604,MTCTrader,GCBOT,COMM_EXCH,,,,,
new,2019.12.31D10:01:40.000000000,PAT_EXCH_tradeID6,PAT_EXCH_orderID6,PAT_sym,S,2500,1.2604,MTCTrader,GCBOT,COMM_EXCH,,,,,
new,2019.12.31D10:01:49.000000000,PAT_EXCH_tradeID8,PAT_EXCH_orderID8,PAT_sym,B,6000,1.2606,MTCTrader,GCBOT,COMM_EXCH,,,,,
new,2019.12.31D10:01:49.000000000,PAT_EXCH_tradeID9,PAT_EXCH_orderID9,PAT_sym,B,6000,1.2606,MTCTrader,GCBOT,COMM_EXCH,,,,,
new,2019.12.31D10:01:50.000000000,PAT_EXCH_tradeID7,PAT_EXCH_orderID7,PAT_sym,S,6000,1.2606,MTCTrader,GCBOT,COMM_EXCH,,,,,
new,2019.12.31D10:01:50.000000000,PAT_EXCH_tradeID10,PAT_EXCH_orderID10,PAT_sym,B,6000,1.2606,MTCTrader,GCBOT,COMM_EXCH,,,,,
new,2019.12.31D10:01:00.000000000,PATradeID1,PATorderID1,XYZ,B,10000,1.25,REF_PATradID1,GCBOT,COMM_EXCH,,,,,
new,2019.12.31D10:01:00.000000000,PATradeID2,PATorderID2,XYZ,S,10000,1.25,REF_PATradID2,GCBOT,COMM_EXCH,,,,,
new,2019.12.31D10:01:00.000000000,PATradeID2B,PATorderID2,XYZ,S,100,1.25,REF_PATradID2B,GCBOT,COMM_EXCH,,,,,
new,2019.12.31D10:03:00.000000000,PATradeID3,PATorderID3,XYZ,S,8000,1.255,REF_PATraderID3,GCBOT,COMM_EXCH,,,,,
new,2019.12.31D10:03:00.000000000,PATradeID4,PATorderID4,XYZ,B,8000,1.255,REF_PATraderID4,GCBOT,COMM_EXCH,,,,,
new,2019.12.31D10:03:00.000000000,PATradeID4B,PATorderID4,XYZ,B,100,1.255,REF_PATraderID4B,GCBOT,COMM_EXCH,,,,,
new,2019.12.31D10:05:00.000000000,PATradeID5,PATorderID5,XYZ,B,25000,1.256,REF_PATraderID5,GCBOT,COMM_EXCH,,,,,
new,2019.12.31D10:05:00.000000000,PATradeID6,PATorderID6,XYZ,S,25000,1.256,REF_PATraderID6,GCBOT,COMM_EXCH,,,,,
new,2019.12.31D10:05:00.000000000,PATradeID6B,PATorderID6,XYZ,S,150,1.256,REF_PATraderID6B,GCBOT,COMM_EXCH,,,,,
new,2019.12.31D13:00:09.000000000,PAT_EXCH_tradeID12,PAT_EXCH_orderID12,onePair,S,6000,1.2606,MTCTrader,CBT,COMM_EXCH,,,,,
new,2019.12.31D13:00:09.000000000,PAT_EXCH_tradeID11,PAT_EXCH_orderID11,onePair,B,6000,1.2606,MTCTrader,CBT,COMM_EXCH,,,,,
new,2019.12.25D11:00:11.463782000,UTPM_execID_2019.12.25_BTCUSD_142,buyOrderID_2019.12.25_BTCUSD_142,BTCUSD,B,3480059,8702.237943,buyTraderID_3,KRAKEN,CRYPTO,,,,24,25
new,2019.12.25D11:00:11.463782000,UTPM_execID_2019.12.25_BTCUSD_142,sellOrderID_2019.12.25_BTCUSD_142,BTCUSD,S,3480059,8702.237943,sellTraderID_3,KRAKEN,CRYPTO,,,,25,26
new,2019.12.25D11:00:46.703761500,UTPM_execID_2019.12.25_BTCUSD_131,buyOrderID_2019.12.25_BTCUSD_131,BTCUSD,B,7008708,8721.454687,buyTraderID_3,KRAKEN,CRYPTO,,,,26,27
new,2019.12.25D11:00:46.703761500,UTPM_execID_2019.12.25_BTCUSD_131,sellOrderID_2019.12.25_BTCUSD_131,BTCUSD,S,7008708,8721.454687,sellTraderID_1,KRAKEN,CRYPTO,,,,27,28
new,2019.12.25D11:01:08.411579500,UTPM_execID_2019.12.25_BTCUSD_0,buyOrderID_2019.12.25_BTCUSD_0,BTCUSD,B,3964747,8731.414888,buyTraderID_1,KRAKEN,CRYPTO,,,,28,29
new,2019.12.25D11:01:08.411579500,UTPM_execID_2019.12.25_BTCUSD_0,sellOrderID_2019.12.25_BTCUSD_0,BTCUSD,S,3964747,8731.414888,sellTraderID_3,KRAKEN,CRYPTO,,,,29,30
new,2019.12.25D11:01:58.640219500,UTPM_execID_2019.12.25_BTCUSD_93,buyOrderID_2019.12.25_BTCUSD_93,BTCUSD,B,8778035,8745.781659,buyTraderID_2,KRAKEN,CRYPTO,,,,30,31
new,2019.12.25D11:01:58.640219500,UTPM_execID_2019.12.25_BTCUSD_93,sellOrderID_2019.12.25_BTCUSD_93,BTCUSD,S,8778035,8745.781659,sellTraderID_2,KRAKEN,CRYPTO,,,,,
new,2019.12.25D11:02:34.505356500,UTPM_execID_2019.12.25_BTCUSD_52,buyOrderID_2019.12.25_BTCUSD_52,BTCUSD,B,9177798,8763.140117,buyTraderID_3,KRAKEN,CRYPTO,,,,,
new,2019.12.25D11:02:34.505356500,UTPM_execID_2019.12.25_BTCUSD_52,sellOrderID_2019.12.25_BTCUSD_52,BTCUSD,S,9177798,8763.140117,sellTraderID_1,KRAKEN,CRYPTO,,,,,
new,2019.12.25D11:03:08.417097000,UTPM_execID_2019.12.25_BTCUSD_24,buyOrderID_2019.12.25_BTCUSD_24,BTCUSD,B,9573116,8733.182845,buyTraderID_3,KRAKEN,CRYPTO,,,,,
new,2019.12.25D11:03:08.417097000,UTPM_execID_2019.12.25_BTCUSD_24,sellOrderID_2019.12.25_BTCUSD_24,BTCUSD,S,9573116,8733.182845,sellTraderID_3,KRAKEN,CRYPTO,,,,,
new,2019.12.25D11:03:17.419832500,UTPM_execID_2019.12.25_BTCUSD_13,buyOrderID_2019.12.25_BTCUSD_13,BTCUSD,B,8955078,8755.426236,buyTraderID_2,KRAKEN,CRYPTO,,,,,
new,2019.12.25D11:03:17.419832500,UTPM_execID_2019.12.25_BTCUSD_13,sellOrderID_2019.12.25_BTCUSD_13,BTCUSD,S,8955078,8755.426236,sellTraderID_1,KRAKEN,CRYPTO,,,,,
new,2019.12.25D11:03:57.238413500,UTPM_execID_2019.12.25_BTCUSD_29,buyOrderID_2019.12.25_BTCUSD_29,BTCUSD,B,4291825,8759.391133,buyTraderID_2,KRAKEN,CRYPTO,,,,,
new,2019.12.25D11:03:57.238413500,UTPM_execID_2019.12.25_BTCUSD_29,sellOrderID_2019.12.25_BTCUSD_29,BTCUSD,S,4291825,8759.391133,sellTraderID_3,KRAKEN,CRYPTO,,,,,
new,2019.12.25D11:04:22.014885000,UTPM_execID_2019.12.25_BTCUSD_60,sellOrderID_2019.12.25_BTCUSD_60,BTCUSD,S,2935625,8739.61435,sellTraderID_3,KRAKEN,CRYPTO,,,,,
new,2019.12.25D11:04:24.569030000,UTPM_execID_2019.12.25_BTCUSD_68,buyOrderID_2019.12.25_BTCUSD_68,BTCUSD,B,9787936,8758.744518,buyTraderID_2,KRAKEN,CRYPTO,,,,,
new,2019.12.25D11:04:24.569030000,UTPM_execID_2019.12.25_BTCUSD_68,sellOrderID_2019.12.25_BTCUSD_68,BTCUSD,S,9787936,8758.744518,sellTraderID_3,KRAKEN,CRYPTO,,,,,
new,2019.12.25D11:04:53.424653500,UTPM_execID_2019.12.25_BTCUSD_3,buyOrderID_2019.12.25_BTCUSD_3,BTCUSD,B,4118535,8715.299783,buyTraderID_1,KRAKEN,CRYPTO,,,,,
new,2019.12.25D11:04:53.424653500,UTPM_execID_2019.12.25_BTCUSD_3,sellOrderID_2019.12.25_BTCUSD_3,BTCUSD,S,4118535,8715.299783,sellTraderID_1,KRAKEN,CRYPTO,,,,,
new,2019.12.25D11:04:53.561647500,UTPM_execID_2019.12.25_BTCUSD_76,buyOrderID_2019.12.25_BTCUSD_76,BTCUSD,B,2604158,8752.542155,buyTraderID_3,KRAKEN,CRYPTO,,,,,
new,2019.12.25D11:04:53.561647500,UTPM_execID_2019.12.25_BTCUSD_76,sellOrderID_2019.12.25_BTCUSD_76,BTCUSD,S,2604158,8752.542155,sellTraderID_3,KRAKEN,CRYPTO,,,,,
new,2019.12.25D11:05:14.743352000,UTPM_execID_2019.12.25_BTCUSD_156,buyOrderID_2019.12.25_BTCUSD_156,BTCUSD,B,880190,8689.624447,buyTraderID_3,KRAKEN,CRYPTO,,,,,
new,2019.12.25D11:05:14.743352000,UTPM_execID_2019.12.25_BTCUSD_156,sellOrderID_2019.12.25_BTCUSD_156,BTCUSD,S,880190,8689.624447,sellTraderID_2,KRAKEN,CRYPTO,,,,,
new,2019.12.25D11:05:29.356830000,UTPM_execID_2019.12.25_BTCUSD_59,buyOrderID_2019.12.25_BTCUSD_59,BTCUSD,B,9481667,8749.808202,buyTraderID_3,KRAKEN,CRYPTO,,,,,
new,2019.12.25D11:05:29.356830000,UTPM_execID_2019.12.25_BTCUSD_59,sellOrderID_2019.12.25_BTCUSD_59,BTCUSD,S,9481667,8749.808202,sellTraderID_3,KRAKEN,CRYPTO,,,,,
new,2019.12.25D11:05:44.628735000,UTPM_execID_2019.12.25_BTCUSD_96,buyOrderID_2019.12.25_BTCUSD_96,BTCUSD,B,5912094,8765.635091,buyTraderID_2,KRAKEN,CRYPTO,,,,,
new,2019.12.25D11:05:44.628735000,UTPM_execID_2019.12.25_BTCUSD_96,sellOrderID_2019.12.25_BTCUSD_96,BTCUSD,S,5912094,8765.635091,sellTraderID_1,KRAKEN,CRYPTO,,,,,
new,2019.12.25D11:06:01.228983500,UTPM_execID_2019.12.25_BTCUSD_123,buyOrderID_2019.12.25_BTCUSD_123,BTCUSD,B,2108127,8699.066808,buyTraderID_3,KRAKEN,CRYPTO,,,,,
new,2019.12.25D11:06:01.228983500,UTPM_execID_2019.12.25_BTCUSD_123,sellOrderID_2019.12.25_BTCUSD_123,BTCUSD,S,2108127,8699.066808,sellTraderID_1,KRAKEN,CRYPTO,,,,,
new,2019.12.25D11:06:51.159903000,UTPM_execID_2019.12.25_BTCUSD_8,buyOrderID_2019.12.25_BTCUSD_8,BTCUSD,B,5857507,8721.555774,buyTraderID_2,KRAKEN,CRYPTO,,,,,
new,2019.12.25D11:06:51.159903000,UTPM_execID_2019.12.25_BTCUSD_8,sellOrderID_2019.12.25_BTCUSD_8,BTCUSD,S,5857507,8721.555774,sellTraderID_1,KRAKEN,CRYPTO,,,,,
new,2019.12.25D11:07:06.890029500,UTPM_execID_2019.12.25_BTCUSD_134,buyOrderID_2019.12.25_BTCUSD_134,BTCUSD,B,4854673,8728.613602,buyTraderID_2,KRAKEN,CRYPTO,,,,,
new,2019.12.25D11:07:06.890029500,UTPM_execID_2019.12.25_BTCUSD_134,sellOrderID_2019.12.25_BTCUSD_134,BTCUSD,S,4854673,8728.613602,sellTraderID_2,KRAKEN,CRYPTO,,,,,
new,2019.12.25D11:07:14.257362000,UTPM_execID_2019.12.25_BTCUSD_168,buyOrderID_2019.12.25_BTCUSD_168,BTCUSD,B,7989885,8661.690416,buyTraderID_2,KRAKEN,CRYPTO,,,,,
new,2019.12.25D11:07:14.257362000,UTPM_execID_2019.12.25_BTCUSD_168,sellOrderID_2019.12.25_BTCUSD_168,BTCUSD,S,7989885,8661.690416,sellTraderID_2,KRAKEN,CRYPTO,,,,,
new,2019.12.25D11:07:15.419396500,UTPM_execID_2019.12.25_BTCUSD_67,buyOrderID_2019.12.25_BTCUSD_67,BTCUSD,B,4947233,8764.973185,buyTraderID_2,KRAKEN,CRYPTO,,,,,
new,2019.12.25D11:07:15.419396500,UTPM_execID_2019.12.25_BTCUSD_67,sellOrderID_2019.12.25_BTCUSD_67,BTCUSD,S,4947233,8764.973185,sellTraderID_1,KRAKEN,CRYPTO,,,,,
new,2019.12.25D11:07:19.930062000,UTPM_execID_2019.12.25_BTCUSD_65,sellOrderID_2019.12.25_BTCUSD_65,BTCUSD,S,3646549,8766.235279,sellTraderID_1,KRAKEN,CRYPTO,,,,,
new,2019.12.25D11:07:20.147158000,UTPM_execID_2019.12.25_BTCUSD_53,buyOrderID_2019.12.25_BTCUSD_53,BTCUSD,B,7716952,8754.379734,buyTraderID_2,KRAKEN,CRYPTO,,,,,
new,2019.12.25D11:07:20.147158000,UTPM_execID_2019.12.25_BTCUSD_53,sellOrderID_2019.12.25_BTCUSD_53,BTCUSD,S,7716952,8754.379734,sellTraderID_1,KRAKEN,CRYPTO,,,,,
new,2019.12.25D11:08:36.799530500,UTPM_execID_2019.12.25_BTCUSD_78,buyOrderID_2019.12.25_BTCUSD_78,BTCUSD,B,3523652,8749.243279,buyTraderID_2,KRAKEN,CRYPTO,,,,,
new,2019.12.25D11:08:36.799530500,UTPM_execID_2019.12.25_BTCUSD_78,sellOrderID_2019.12.25_BTCUSD_78,BTCUSD,S,3523652,8749.243279,sellTraderID_1,KRAKEN,CRYPTO,,,,,
new,2019.12.25D11:08:56.567614000,UTPM_execID_2019.12.25_BTCUSD_80,buyOrderID_2019.12.25_BTCUSD_80,BTCUSD,B,8303576,8735.678702,buyTraderID_1,KRAKEN,CRYPTO,,,,,
new,2019.12.25D11:08:57.816152500,UTPM_execID_2019.12.25_BTCUSD_36,buyOrderID_2019.12.25_BTCUSD_36,BTCUSD,B,5030864,8745.858284,buyTraderID_2,KRAKEN,CRYPTO,,,,,
new,2019.12.25D11:08:57.816152500,UTPM_execID_2019.12.25_BTCUSD_36,sellOrderID_2019.12.25_BTCUSD_36,BTCUSD,S,5030864,8745.858284,sellTraderID_2,KRAKEN,CRYPTO,,,,,
new,2019.12.25D11:10:08.688151500,UTPM_execID_2019.12.25_BTCUSD_23,buyOrderID_2019.12.25_BTCUSD_23,BTCUSD,B,3318645,8738.483365,buyTraderID_2,KRAKEN,CRYPTO,,,,,
new,2019.12.25D11:10:08.688151500,UTPM_execID_2019.12.25_BTCUSD_23,sellOrderID_2019.12.25_BTCUSD_23,BTCUSD,S,3318645,8738.483365,sellTraderID_3,KRAKEN,CRYPTO,,,,,
new,2019.12.25D11:10:13.075457500,UTPM_execID_2019.12.25_BTCUSD_31,buyOrderID_2019.12.25_BTCUSD_31,BTCUSD,B,3003337,8756.879963,buyTraderID_1,KRAKEN,CRYPTO,,,,,
new,2019.12.25D11:11:57.983167000,UTPM_execID_2019.12.25_BTCUSD_70,buyOrderID_2019.12.25_BTCUSD_70,BTCUSD,B,7615413,8774.207291,buyTraderID_2,KRAKEN,CRYPTO,,,,,
replaced,2019.12.25D11:11:57.983167000,UTPM_execID_2019.12.25_BTCUSD_70,buyOrderID_2019.12.25_BTCUSD_70,BTCUSD,B,7615413,8774.207291,buyTraderID_2,KRAKEN,CRYPTO,,,,,
new,2019.12.25D11:11:57.983167000,UTPM_execID_2019.12.25_BTCUSD_70,sellOrderID_2019.12.25_BTCUSD_70,BTCUSD,S,7615413,8774.207291,sellTraderID_2,KRAKEN,CRYPTO,,,,,
replaced,2019.12.25D11:11:57.983167000,UTPM_execID_2019.12.25_BTCUSD_70,sellOrderID_2019.12.25_BTCUSD_70,BTCUSD,S,7615413,8774.207291,sellTraderID_2,KRAKEN,CRYPTO,,,,,
new,2019.12.25D11:13:41.464710000,UTPM_execID_2019.12.25_BTCUSD_152,buyOrderID_2019.12.25_BTCUSD_152,BTCUSD,B,6632822,8716.420763,buyTraderID_2,KRAKEN,CRYPTO,,,,,
new,2019.12.25D11:13:41.464710000,UTPM_execID_2019.12.25_BTCUSD_152,sellOrderID_2019.12.25_BTCUSD_152,BTCUSD,S,6632822,8716.420763,sellTraderID_3,KRAKEN,CRYPTO,,,,,
new,2019.12.25D11:13:50.882492000,UTPM_execID_2019.12.25_BTCUSD_111,buyOrderID_2019.12.25_BTCUSD_111,BTCUSD,B,3082306,8722.682189,buyTraderID_1,KRAKEN,CRYPTO,,,,,
new,2019.12.25D11:13:50.882492000,UTPM_execID_2019.12.25_BTCUSD_111,sellOrderID_2019.12.25_BTCUSD_111,BTCUSD,S,3082306,8722.682189,sellTraderID_3,KRAKEN,CRYPTO,,,,,
new,2019.12.25D11:14:05.952239000,UTPM_execID_2019.12.25_BTCUSD_147,buyOrderID_2019.12.25_BTCUSD_147,BTCUSD,B,3213641,8699.42076,buyTraderID_3,KRAKEN,CRYPTO,,,,,
new,2019.12.25D11:14:05.952239000,UTPM_execID_2019.12.25_BTCUSD_147,sellOrderID_2019.12.25_BTCUSD_147,BTCUSD,S,3213641,8699.42076,sellTraderID_2,KRAKEN,CRYPTO,,,,,
new,2019.12.25D11:15:41.227969000,UTPM_execID_2019.12.25_BTCUSD_151,buyOrderID_2019.12.25_BTCUSD_151,BTCUSD,B,1809166,8723.137696,buyTraderID_3,KRAKEN,CRYPTO,,,,,
new,2019.12.25D11:15:41.227969000,UTPM_execID_2019.12.25_BTCUSD_151,sellOrderID_2019.12.25_BTCUSD_151,BTCUSD,S,1809166,8723.137696,sellTraderID_3,KRAKEN,CRYPTO,,,,,
new,2019.12.25D11:15:54.232625500,UTPM_execID_2019.12.25_BTCUSD_106,sellOrderID_2019.12.25_BTCUSD_106,BTCUSD,S,137094,8730.863925,sellTraderID_2,KRAKEN,CRYPTO,,,,,
new,2019.12.25D11:16:02.270281500,UTPM_execID_2019.12.25_BTCUSD_113,buyOrderID_2019.12.25_BTCUSD_113,BTCUSD,B,4225988,8721.560346,buyTraderID_3,KRAKEN,CRYPTO,,,,,
new,2019.12.25D11:16:02.270281500,UTPM_execID_2019.12.25_BTCUSD_113,sellOrderID_2019.12.25_BTCUSD_113,BTCUSD,S,4225988,8721.560346,sellTraderID_1,KRAKEN,CRYPTO,,,,,
new,2019.12.25D11:16:37.950299500,UTPM_execID_2019.12.25_BTCUSD_104,buyOrderID_2019.12.25_BTCUSD_104,BTCUSD,B,113750,8729.229945,buyTraderID_3,KRAKEN,CRYPTO,,,,,
new,2019.12.25D11:16:37.950299500,UTPM_execID_2019.12.25_BTCUSD_104,sellOrderID_2019.12.25_BTCUSD_104,BTCUSD,S,113750,8729.229945,sellTraderID_3,KRAKEN,CRYPTO,,,,,
new,2019.12.25D11:16:46.285021500,UTPM_execID_2019.12.25_BTCUSD_11,buyOrderID_2019.12.25_BTCUSD_11,BTCUSD,B,5839092,8742.934998,buyTraderID_2,KRAKEN,CRYPTO,,,,,
new,2019.12.25D11:16:46.285021500,UTPM_execID_2019.12.25_BTCUSD_11,sellOrderID_2019.12.25_BTCUSD_11,BTCUSD,S,5839092,8742.934998,sellTraderID_2,KRAKEN,CRYPTO,,,,,
new,2019.12.25D11:17:37.224096500,UTPM_execID_2019.12.25_BTCUSD_128,buyOrderID_2019.12.25_BTCUSD_128,BTCUSD,B,3518408,8705.833451,buyTraderID_2,KRAKEN,CRYPTO,,,,,
new,2019.12.25D11:17:37.224096500,UTPM_execID_2019.12.25_BTCUSD_128,sellOrderID_2019.12.25_BTCUSD_128,BTCUSD,S,3518408,8705.833451,sellTraderID_3,KRAKEN,CRYPTO,,,,,
new,2019.12.25D11:17:47.240559000,UTPM_execID_2019.12.25_BTCUSD_164,buyOrderID_2019.12.25_BTCUSD_164,BTCUSD,B,9761421,8690.619069,buyTraderID_1,KRAKEN,CRYPTO,,,,,
new,2019.12.25D11:18:39.869696000,UTPM_execID_2019.12.25_BTCUSD_43,buyOrderID_2019.12.25_BTCUSD_43,BTCUSD,B,4320684,8755.315006,buyTraderID_2,KRAKEN,CRYPTO,,,,,
new,2019.12.25D11:18:48.869659500,UTPM_execID_2019.12.25_BTCUSD_132,buyOrderID_2019.12.25_BTCUSD_132,BTCUSD,B,419669,8728.247615,buyTraderID_3,KRAKEN,CRYPTO,,,,,
new,2019.12.25D11:18:48.869659500,UTPM_execID_2019.12.25_BTCUSD_132,sellOrderID_2019.12.25_BTCUSD_132,BTCUSD,S,419669,8728.247615,sellTraderID_2,KRAKEN,CRYPTO,,,,,
new,2019.12.25D11:18:49.366953000,UTPM_execID_2019.12.25_BTCUSD_17,buyOrderID_2019.12.25_BTCUSD_17,BTCUSD,B,7324056,8751.997822,buyTraderID_1,KRAKEN,CRYPTO,,,,,
new,2019.12.25D11:18:49.366953000,UTPM_execID_2019.12.25_BTCUSD_17,sellOrderID_2019.12.25_BTCUSD_17,BTCUSD,S,7324056,8751.997822,sellTraderID_2,KRAKEN,CRYPTO,,,,,
new,2019.12.25D11:19:16.259104000,UTPM_execID_2019.12.25_BTCUSD_138,buyOrderID_2019.12.25_BTCUSD_138,BTCUSD,B,7070820,8706.35574,buyTraderID_1,KRAKEN,CRYPTO,,,,,
replaced,2019.12.25D11:19:16.259104000,UTPM_execID_2019.12.25_BTCUSD_138,buyOrderID_2019.12.25_BTCUSD_138,BTCUSD,B,7070820,8706.35574,buyTraderID_1,KRAKEN,CRYPTO,,,,,
new,2019.12.25D11:19:16.259104000,UTPM_execID_2019.12.25_BTCUSD_138,sellOrderID_2019.12.25_BTCUSD_138,BTCUSD,S,7070820,8706.35574,sellTraderID_2,KRAKEN,CRYPTO,,,,,
replaced,2019.12.25D11:19:16.259104000,UTPM_execID_2019.12.25_BTCUSD_138,sellOrderID_2019.12.25_BTCUSD_138,BTCUSD,S,7070820,8706.35574,sellTraderID_2,KRAKEN,CRYPTO,,,,,
new,2019.12.25D11:19:40.382824500,UTPM_execID_2019.12.25_BTCUSD_103,buyOrderID_2019.12.25_BTCUSD_103,BTCUSD,B,4108653,8736.332884,buyTraderID_3,KRAKEN,CRYPTO,,,,,
new,2019.12.25D11:19:40.382824500,UTPM_execID_2019.12.25_BTCUSD_103,sellOrderID_2019.12.25_BTCUSD_103,BTCUSD,S,4108653,8736.332884,sellTraderID_1,KRAKEN,CRYPTO,,,,,
new,2019.12.25D11:19:42.114362000,UTPM_execID_2019.12.25_BTCUSD_46,sellOrderID_2019.12.25_BTCUSD_46,BTCUSD,S,6426519,8750.862017,sellTraderID_2,KRAKEN,CRYPTO,,,,,
new,2019.12.25D11:19:50.216632000,UTPM_execID_2019.12.25_BTCUSD_90,buyOrderID_2019.12.25_BTCUSD_90,BTCUSD,B,5513095,8741.196898,buyTraderID_1,KRAKEN,CRYPTO,,,,,
new,2019.12.25D11:19:50.216632000,UTPM_execID_2019.12.25_BTCUSD_90,sellOrderID_2019.12.25_BTCUSD_90,BTCUSD,S,5513095,8741.196898,sellTraderID_1,KRAKEN,CRYPTO,,,,,
new,2019.12.25D11:20:17.265868500,UTPM_execID_2019.12.25_BTCUSD_10,buyOrderID_2019.12.25_BTCUSD_10,BTCUSD,B,4018508,8738.573555,buyTraderID_3,KRAKEN,CRYPTO,,,,,
new,2019.12.25D11:20:17.265868500,UTPM_execID_2019.12.25_BTCUSD_10,sellOrderID_2019.12.25_BTCUSD_10,BTCUSD,S,4018508,8738.573555,sellTraderID_1,KRAKEN,CRYPTO,,,,,
new,2019.12.25D11:20:53.786605500,UTPM_execID_2019.12.25_BTCUSD_71,buyOrderID_2019.12.25_BTCUSD_71,BTCUSD,B,1270339,8767.726664,buyTraderID_1,KRAKEN,CRYPTO,,,,,
new,2019.12.25D11:20:53.786605500,UTPM_execID_2019.12.25_BTCUSD_71,sellOrderID_2019.12.25_BTCUSD_71,BTCUSD,S,1270339,8767.726664,sellTraderID_2,KRAKEN,CRYPTO,,,,,
new,2019.12.25D11:22:37.427890500,UTPM_execID_2019.12.25_BTCUSD_121,buyOrderID_2019.12.25_BTCUSD_121,BTCUSD,B,6752059,8696.049004,buyTraderID_2,KRAKEN,CRYPTO,,,,,
new,2019.12.25D11:22:37.427890500,UTPM_execID_2019.12.25_BTCUSD_121,sellOrderID_2019.12.25_BTCUSD_121,BTCUSD,S,6752059,8696.049004,sellTraderID_1,KRAKEN,CRYPTO,,,,,
new,2019.12.25D11:22:37.478760000,UTPM_execID_2019.12.25_BTCUSD_129,buyOrderID_2019.12.25_BTCUSD_129,BTCUSD,B,4172969,8715.587504,buyTraderID_2,KRAKEN,CRYPTO,,,,,
new,2019.12.25D11:22:37.478760000,UTPM_execID_2019.12.25_BTCUSD_129,sellOrderID_2019.12.25_BTCUSD_129,BTCUSD,S,4172969,8715.587504,sellTraderID_1,KRAKEN,CRYPTO,,,,,
new,2019.12.25D11:23:59.355258000,UTPM_execID_2019.12.25_BTCUSD_84,sellOrderID_2019.12.25_BTCUSD_84,BTCUSD,S,604783,8771.0562,sellTraderID_3,KRAKEN,CRYPTO,,,,,
replaced,2019.12.25D11:23:59.355258000,UTPM_execID_2019.12.25_BTCUSD_84,sellOrderID_2019.12.25_BTCUSD_84,BTCUSD,S,604783,8771.0562,sellTraderID_3,KRAKEN,CRYPTO,,,,,
new,2019.12.25D11:24:10.140334500,UTPM_execID_2019.12.25_BTCUSD_69,buyOrderID_2019.12.25_BTCUSD_69,BTCUSD,B,5220897,8767.430537,buyTraderID_2,KRAKEN,CRYPTO,,,,,
new,2019.12.25D11:24:22.519971000,UTPM_execID_2019.12.25_BTCUSD_16,buyOrderID_2019.12.25_BTCUSD_16,BTCUSD,B,5912658,8743.757344,buyTraderID_3,KRAKEN,CRYPTO,,,,,
new,2019.12.25D11:24:22.519971000,UTPM_execID_2019.12.25_BTCUSD_16,sellOrderID_2019.12.25_BTCUSD_16,BTCUSD,S,5912658,8743.757344,sellTraderID_2,KRAKEN,CRYPTO,,,,,
new,2019.12.25D11:24:41.145308500,UTPM_execID_2019.12.25_BTCUSD_140,buyOrderID_2019.12.25_BTCUSD_140,BTCUSD,B,6275712,8707.934387,buyTraderID_2,KRAKEN,CRYPTO,,,,,
new,2019.12.25D11:24:41.145308500,UTPM_execID_2019.12.25_BTCUSD_140,sellOrderID_2019.12.25_BTCUSD_140,BTCUSD,S,6275712,8707.934387,sellTraderID_3,KRAKEN,CRYPTO,,,,,
new,2019.12.25D11:24:56.855706500,UTPM_execID_2019.12.25_BTCUSD_117,buyOrderID_2019.12.25_BTCUSD_117,BTCUSD,B,1529855,8721.773215,buyTraderID_3,KRAKEN,CRYPTO,,,,,
new,2019.12.25D11:24:56.855706500,UTPM_execID_2019.12.25_BTCUSD_117,sellOrderID_2019.12.25_BTCUSD_117,BTCUSD,S,1529855,8721.773215,sellTraderID_1,KRAKEN,CRYPTO,,,,,
new,2019.12.25D11:24:59.844857500,UTPM_execID_2019.12.25_BTCUSD_97,sellOrderID_2019.12.25_BTCUSD_97,BTCUSD,S,2708547,8756.939673,sellTraderID_2,KRAKEN,CRYPTO,,,,,
new,2019.12.25D11:25:25.647260500,UTPM_execID_2019.12.25_BTCUSD_99,buyOrderID_2019.12.25_BTCUSD_99,BTCUSD,B,9631028,8757.634019,buyTraderID_2,KRAKEN,CRYPTO,,,,,
new,2019.12.25D11:25:25.647260500,UTPM_execID_2019.12.25_BTCUSD_99,sellOrderID_2019.12.25_BTCUSD_99,BTCUSD,S,9631028,8757.634019,sellTraderID_1,KRAKEN,CRYPTO,,,,,
new,2019.12.25D11:26:13.515108000,UTPM_execID_2019.12.25_BTCUSD_176,sellOrderID_2019.12.25_BTCUSD_176,BTCUSD,S,1279989,8629.989913,sellTraderID_2,KRAKEN,CRYPTO,,,,,
new,2019.12.25D11:27:10.481682500,UTPM_execID_2019.12.25_BTCUSD_110,buyOrderID_2019.12.25_BTCUSD_110,BTCUSD,B,3229060,8729.338792,buyTraderID_3,KRAKEN,CRYPTO,,,,,
new,2019.12.25D11:27:10.481682500,UTPM_execID_2019.12.25_BTCUSD_110,sellOrderID_2019.12.25_BTCUSD_110,BTCUSD,S,3229060,8729.338792,sellTraderID_2,KRAKEN,CRYPTO,,,,,
new,2019.12.25D11:27:37.252234000,UTPM_execID_2019.12.25_BTCUSD_91,sellOrderID_2019.12.25_BTCUSD_91,BTCUSD,S,4963736,8747.313611,sellTraderID_3,KRAKEN,CRYPTO,,,,,
new,2019.12.25D11:28:35.117530500,UTPM_execID_2019.12.25_BTCUSD_120,buyOrderID_2019.12.25_BTCUSD_120,BTCUSD,B,7030771,8701.513109,buyTraderID_1,KRAKEN,CRYPTO,,,,,
new,2019.12.25D11:28:35.117530500,UTPM_execID_2019.12.25_BTCUSD_120,sellOrderID_2019.12.25_BTCUSD_120,BTCUSD,S,7030771,8701.513109,sellTraderID_1,KRAKEN,CRYPTO,,,,,
new,2019.12.25D11:29:00.454391500,UTPM_execID_2019.12.25_BTCUSD_108,buyOrderID_2019.12.25_BTCUSD_108,BTCUSD,B,6683757,8732.346732,buyTraderID_3,KRAKEN,CRYPTO,,,,,
new,2019.12.25D11:29:00.454391500,UTPM_execID_2019.12.25_BTCUSD_108,sellOrderID_2019.12.25_BTCUSD_108,BTCUSD,S,6683757,8732.346732,sellTraderID_2,KRAKEN,CRYPTO,,,,,
new,2019.12.25D11:29:31.151992500,UTPM_execID_2019.12.25_BTCUSD_124,buyOrderID_2019.12.25_BTCUSD_124,BTCUSD,B,7376927,8704.076349,buyTraderID_3,KRAKEN,CRYPTO,,,,,
new,2019.12.25D11:29:31.151992500,UTPM_execID_2019.12.25_BTCUSD_124,sellOrderID_2019.12.25_BTCUSD_124,BTCUSD,S,7376927,8704.076349,sellTraderID_1,KRAKEN,CRYPTO,,,,,
new,2019.12.25D11:30:32.369016500,UTPM_execID_2019.12.25_BTCUSD_15,buyOrderID_2019.12.25_BTCUSD_15,BTCUSD,B,2009545,8737.788421,buyTraderID_3,KRAKEN,CRYPTO,,,,,
new,2019.12.25D11:30:35.537704000,UTPM_execID_2019.12.25_BTCUSD_20,buyOrderID_2019.12.25_BTCUSD_20,BTCUSD,B,7456994,8746.976691,buyTraderID_3,KRAKEN,CRYPTO,,,,,
new,2019.12.25D11:30:35.537704000,UTPM_execID_2019.12.25_BTCUSD_20,sellOrderID_2019.12.25_BTCUSD_20,BTCUSD,S,7456994,8746.976691,sellTraderID_3,KRAKEN,CRYPTO,,,,,
new,2019.12.25D11:31:23.838000000,UTPM_execID_2019.12.25_BTCUSD_149,buyOrderID_2019.12.25_BTCUSD_149,BTCUSD,B,9942115,8710.940038,buyTraderID_2,KRAKEN,CRYPTO,,,,,
new,2019.12.25D11:31:23.838000000,UTPM_execID_2019.12.25_BTCUSD_149,sellOrderID_2019.12.25_BTCUSD_149,BTCUSD,S,9942115,8710.940038,sellTraderID_1,KRAKEN,CRYPTO,,,,,
new,2019.12.25D11:31:43.508321000,UTPM_execID_2019.12.25_BTCUSD_163,buyOrderID_2019.12.25_BTCUSD_163,BTCUSD,B,8616512,8697.307825,buyTraderID_1,KRAKEN,CRYPTO,,,,,
new,2019.12.25D11:31:43.508321000,UTPM_execID_2019.12.25_BTCUSD_163,sellOrderID_2019.12.25_BTCUSD_163,BTCUSD,S,8616512,8697.307825,sellTraderID_2,KRAKEN,CRYPTO,,,,,
new,2019.12.25D11:34:28.996699000,UTPM_execID_2019.12.25_BTCUSD_45,sellOrderID_2019.12.25_BTCUSD_45,BTCUSD,S,9504391,8746.944511,sellTraderID_2,KRAKEN,CRYPTO,,,,,
new,2019.12.25D11:34:40.001572000,UTPM_execID_2019.12.25_BTCUSD_177,buyOrderID_2019.12.25_BTCUSD_177,BTCUSD,B,3511009,8625.162159,buyTraderID_1,KRAKEN,CRYPTO,,,,,
new,2019.12.25D11:34:40.001572000,UTPM_execID_2019.12.25_BTCUSD_177,sellOrderID_2019.12.25_BTCUSD_177,BTCUSD,S,3511009,8625.162159,sellTraderID_3,KRAKEN,CRYPTO,,,,,
new,2019.12.25D11:35:36.968883500,UTPM_execID_2019.12.25_BTCUSD_4,buyOrderID_2019.12.25_BTCUSD_4,BTCUSD,B,2371413,8720.769204,buyTraderID_1,KRAKEN,CRYPTO,,,,,
new,2019.12.25D11:35:36.968883500,UTPM_execID_2019.12.25_BTCUSD_4,sellOrderID_2019.12.25_BTCUSD_4,BTCUSD,S,2371413,8720.769204,sellTraderID_3,KRAKEN,CRYPTO,,,,,
new,2019.12.25D11:35:54.111036000,UTPM_execID_2019.12.25_BTCUSD_157,buyOrderID_2019.12.25_BTCUSD_157,BTCUSD,B,1022684,8695.434455,buyTraderID_3,KRAKEN,CRYPTO,,,,,
new,2019.12.25D11:35:54.111036000,UTPM_execID_2019.12.25_BTCUSD_157,sellOrderID_2019.12.25_BTCUSD_157,BTCUSD,S,1022684,8695.434455,sellTraderID_3,KRAKEN,CRYPTO,,,,,
new,2019.12.25D11:35:55.451721500,UTPM_execID_2019.12.25_BTCUSD_26,buyOrderID_2019.12.25_BTCUSD_26,BTCUSD,B,1083566,8752.905898,buyTraderID_3,KRAKEN,CRYPTO,,,,,
new,2019.12.25D11:35:55.451721500,UTPM_execID_2019.12.25_BTCUSD_26,sellOrderID_2019.12.25_BTCUSD_26,BTCUSD,S,1083566,8752.905898,sellTraderID_1,KRAKEN,CRYPTO,,,,,
new,2019.12.25D11:36:51.576631000,UTPM_execID_2019.12.25_BTCUSD_107,buyOrderID_2019.12.25_BTCUSD_107,BTCUSD,B,1923117,8738.360139,buyTraderID_3,KRAKEN,CRYPTO,,,,,
new,2019.12.25D11:36:51.576631000,UTPM_execID_2019.12.25_BTCUSD_107,sellOrderID_2019.12.25_BTCUSD_107,BTCUSD,S,1923117,8738.360139,sellTraderID_3,KRAKEN,CRYPTO,,,,,
new,2019.12.25D11:37:38.957761500,UTPM_execID_2019.12.25_BTCUSD_79,buyOrderID_2019.12.25_BTCUSD_79,BTCUSD,B,4459763,8741.485781,buyTraderID_2,KRAKEN,CRYPTO,,,,,
new,2019.12.25D11:37:38.957761500,UTPM_execID_2019.12.25_BTCUSD_79,sellOrderID_2019.12.25_BTCUSD_79,BTCUSD,S,4459763,8741.485781,sellTraderID_2,KRAKEN,CRYPTO,,,,,
new,2019.12.25D11:37:48.895887500,UTPM_execID_2019.12.25_BTCUSD_133,buyOrderID_2019.12.25_BTCUSD_133,BTCUSD,B,3066615,8723.37672,buyTraderID_1,KRAKEN,CRYPTO,,,,,
new,2019.12.25D11:37:48.895887500,UTPM_execID_2019.12.25_BTCUSD_133,sellOrderID_2019.12.25_BTCUSD_133,BTCUSD,S,3066615,8723.37672,sellTraderID_3,KRAKEN,CRYPTO,,,,,
new,2019.12.25D11:37:49.050371500,UTPM_execID_2019.12.25_BTCUSD_55,buyOrderID_2019.12.25_BTCUSD_55,BTCUSD,B,1685348,8737.140911,buyTraderID_3,KRAKEN,CRYPTO,,,,,
new,2019.12.25D11:37:49.050371500,UTPM_execID_2019.12.25_BTCUSD_55,sellOrderID_2019.12.25_BTCUSD_55,BTCUSD,S,1685348,8737.140911,sellTraderID_2,KRAKEN,CRYPTO,,,,,
new,2019.12.25D11:38:14.958517500,UTPM_execID_2019.12.25_BTCUSD_92,buyOrderID_2019.12.25_BTCUSD_92,BTCUSD,B,2036330,8741.608991,buyTraderID_2,KRAKEN,CRYPTO,,,,,
replaced,2019.12.25D11:38:14.958517500,UTPM_execID_2019.12.25_BTCUSD_92,buyOrderID_2019.12.25_BTCUSD_92,BTCUSD,B,2036330,8741.608991,buyTraderID_2,KRAKEN,CRYPTO,,,,,
new,2019.12.25D11:38:14.958517500,UTPM_execID_2019.12.25_BTCUSD_92,sellOrderID_2019.12.25_BTCUSD_92,BTCUSD,S,2036330,8741.608991,sellTraderID_3,KRAKEN,CRYPTO,,,,,
replaced,2019.12.25D11:38:14.958517500,UTPM_execID_2019.12.25_BTCUSD_92,sellOrderID_2019.12.25_BTCUSD_92,BTCUSD,S,2036330,8741.608991,sellTraderID_3,KRAKEN,CRYPTO,,,,,
new,2019.12.25D11:38:42.907169000,UTPM_execID_2019.12.25_BTCUSD_137,buyOrderID_2019.12.25_BTCUSD_137,BTCUSD,B,188415,8715.131232,buyTraderID_2,KRAKEN,CRYPTO,,,,,
new,2019.12.25D11:38:42.907169000,UTPM_execID_2019.12.25_BTCUSD_137,sellOrderID_2019.12.25_BTCUSD_137,BTCUSD,S,188415,8715.131232,sellTraderID_3,KRAKEN,CRYPTO,,,,,
new,2019.12.25D11:39:24.355625500,UTPM_execID_2019.12.25_BTCUSD_154,buyOrderID_2019.12.25_BTCUSD_154,BTCUSD,B,110175,8704.776608,buyTraderID_3,KRAKEN,CRYPTO,,,,,
new,2019.12.25D11:39:24.355625500,UTPM_execID_2019.12.25_BTCUSD_154,sellOrderID_2019.12.25_BTCUSD_154,BTCUSD,S,110175,8704.776608,sellTraderID_3,KRAKEN,CRYPTO,,,,,
new,2019.12.25D11:40:29.026314000,UTPM_execID_2019.12.25_BTCUSD_100,sellOrderID_2019.12.25_BTCUSD_100,BTCUSD,S,5442094,8749.303935,sellTraderID_1,KRAKEN,CRYPTO,,,,,
new,2019.12.25D11:40:57.418183000,UTPM_execID_2019.12.25_BTCUSD_105,buyOrderID_2019.12.25_BTCUSD_105,BTCUSD,B,3643892,8722.966548,buyTraderID_1,KRAKEN,CRYPTO,,,,,
new,2019.12.25D11:40:57.418183000,UTPM_execID_2019.12.25_BTCUSD_105,sellOrderID_2019.12.25_BTCUSD_105,BTCUSD,S,3643892,8722.966548,sellTraderID_1,KRAKEN,CRYPTO,,,,,
new,2019.12.25D11:41:56.411051000,UTPM_execID_2019.12.25_BTCUSD_85,sellOrderID_2019.12.25_BTCUSD_85,BTCUSD,S,8510065,8761.533201,sellTraderID_1,KRAKEN,CRYPTO,,,,,
new,2019.12.25D11:43:37.942189500,UTPM_execID_2019.12.25_BTCUSD_141,buyOrderID_2019.12.25_BTCUSD_141,BTCUSD,B,457237,8714.654992,buyTraderID_1,KRAKEN,CRYPTO,,,,,
new,2019.12.25D11:43:49.335445000,UTPM_execID_2019.12.25_BTCUSD_12,buyOrderID_2019.12.25_BTCUSD_12,BTCUSD,B,2017786,8750.438572,buyTraderID_1,KRAKEN,CRYPTO,,,,,
new,2019.12.25D11:43:49.335445000,UTPM_execID_2019.12.25_BTCUSD_12,sellOrderID_2019.12.25_BTCUSD_12,BTCUSD,S,2017786,8750.438572,sellTraderID_2,KRAKEN,CRYPTO,,,,,
new,2019.12.25D11:43:50.096711000,UTPM_execID_2019.12.25_BTCUSD_153,buyOrderID_2019.12.25_BTCUSD_153,BTCUSD,B,7540447,8710.888672,buyTraderID_1,KRAKEN,CRYPTO,,,,,
new,2019.12.25D11:43:50.096711000,UTPM_execID_2019.12.25_BTCUSD_153,sellOrderID_2019.12.25_BTCUSD_153,BTCUSD,S,7540447,8710.888672,sellTraderID_1,KRAKEN,CRYPTO,,,,,
new,2019.12.25D11:44:15.770359000,UTPM_execID_2019.12.25_BTCUSD_64,buyOrderID_2019.12.25_BTCUSD_64,BTCUSD,B,6160553,8771.186573,buyTraderID_1,KRAKEN,CRYPTO,,,,,
new,2019.12.25D11:44:15.770359000,UTPM_execID_2019.12.25_BTCUSD_64,sellOrderID_2019.12.25_BTCUSD_64,BTCUSD,S,6160553,8771.186573,sellTraderID_3,KRAKEN,CRYPTO,,,,,
new,2019.12.25D11:44:20.620490000,UTPM_execID_2019.12.25_BTCUSD_18,buyOrderID_2019.12.25_BTCUSD_18,BTCUSD,B,3479026,8757.305176,buyTraderID_3,KRAKEN,CRYPTO,,,,,
new,2019.12.25D11:44:20.620490000,UTPM_execID_2019.12.25_BTCUSD_18,sellOrderID_2019.12.25_BTCUSD_18,BTCUSD,S,3479026,8757.305176,sellTraderID_1,KRAKEN,CRYPTO,,,,,
new,2019.12.25D11:45:07.071884000,UTPM_execID_2019.12.25_BTCUSD_34,buyOrderID_2019.12.25_BTCUSD_34,BTCUSD,B,5427488,8749.283754,buyTraderID_1,KRAKEN,CRYPTO,,,,,
replaced,2019.12.25D11:45:07.071884000,UTPM_execID_2019.12.25_BTCUSD_34,buyOrderID_2019.12.25_BTCUSD_34,BTCUSD,B,5427488,8749.283754,buyTraderID_1,KRAKEN,CRYPTO,,,,,
new,2019.12.25D11:45:07.071884000,UTPM_execID_2019.12.25_BTCUSD_34,sellOrderID_2019.12.25_BTCUSD_34,BTCUSD,S,5427488,8749.283754,sellTraderID_1,KRAKEN,CRYPTO,,,,,
replaced,2019.12.25D11:45:07.071884000,UTPM_execID_2019.12.25_BTCUSD_34,sellOrderID_2019.12.25_BTCUSD_34,BTCUSD,S,5427488,8749.283754,sellTraderID_1,KRAKEN,CRYPTO,,,,,
new,2019.12.25D11:45:13.818464500,UTPM_execID_2019.12.25_BTCUSD_27,buyOrderID_2019.12.25_BTCUSD_27,BTCUSD,B,8671088,8760.226562,buyTraderID_1,KRAKEN,CRYPTO,,,,,
new,2019.12.25D11:45:13.818464500,UTPM_execID_2019.12.25_BTCUSD_27,sellOrderID_2019.12.25_BTCUSD_27,BTCUSD,S,8671088,8760.226562,sellTraderID_3,KRAKEN,CRYPTO,,,,,
new,2019.12.25D11:45:31.792585500,UTPM_execID_2019.12.25_BTCUSD_161,buyOrderID_2019.12.25_BTCUSD_161,BTCUSD,B,2378464,8693.729082,buyTraderID_1,KRAKEN,CRYPTO,,,,,
new,2019.12.25D11:45:31.792585500,UTPM_execID_2019.12.25_BTCUSD_161,sellOrderID_2019.12.25_BTCUSD_161,BTCUSD,S,2378464,8693.729082,sellTraderID_2,KRAKEN,CRYPTO,,,,,
new,2019.12.25D11:46:00.197247500,UTPM_execID_2019.12.25_BTCUSD_62,buyOrderID_2019.12.25_BTCUSD_62,BTCUSD,B,6822187,8755.868988,buyTraderID_3,KRAKEN,CRYPTO,,,,,
replaced,2019.12.25D11:46:00.197247500,UTPM_execID_2019.12.25_BTCUSD_62,buyOrderID_2019.12.25_BTCUSD_62,BTCUSD,B,6822187,8755.868988,buyTraderID_3,KRAKEN,CRYPTO,,,,,
new,2019.12.25D11:46:00.197247500,UTPM_execID_2019.12.25_BTCUSD_62,sellOrderID_2019.12.25_BTCUSD_62,BTCUSD,S,6822187,8755.868988,sellTraderID_2,KRAKEN,CRYPTO,,,,,
replaced,2019.12.25D11:46:00.197247500,UTPM_execID_2019.12.25_BTCUSD_62,sellOrderID_2019.12.25_BTCUSD_62,BTCUSD,S,6822187,8755.868988,sellTraderID_2,KRAKEN,CRYPTO,,,,,
new,2019.12.25D11:46:01.710358000,UTPM_execID_2019.12.25_BTCUSD_25,buyOrderID_2019.12.25_BTCUSD_25,BTCUSD,B,7178544,8742.435041,buyTraderID_2,KRAKEN,CRYPTO,,,,,
new,2019.12.25D11:46:14.765526500,UTPM_execID_2019.12.25_BTCUSD_2,buyOrderID_2019.12.25_BTCUSD_2,BTCUSD,B,7619014,8720.459576,buyTraderID_2,KRAKEN,CRYPTO,,,,,
replaced,2019.12.25D11:46:14.765526500,UTPM_execID_2019.12.25_BTCUSD_2,buyOrderID_2019.12.25_BTCUSD_2,BTCUSD,B,7619014,8720.459576,buyTraderID_2,KRAKEN,CRYPTO,,,,,
new,2019.12.25D11:46:14.765526500,UTPM_execID_2019.12.25_BTCUSD_2,sellOrderID_2019.12.25_BTCUSD_2,BTCUSD,S,7619014,8720.459576,sellTraderID_1,KRAKEN,CRYPTO,,,,,
replaced,2019.12.25D11:46:14.765526500,UTPM_execID_2019.12.25_BTCUSD_2,sellOrderID_2019.12.25_BTCUSD_2,BTCUSD,S,7619014,8720.459576,sellTraderID_1,KRAKEN,CRYPTO,,,,,
new,2019.12.25D11:47:39.079789500,UTPM_execID_2019.12.25_BTCUSD_75,buyOrderID_2019.12.25_BTCUSD_75,BTCUSD,B,9602672,8764.107496,buyTraderID_3,KRAKEN,CRYPTO,,,,,
new,2019.12.25D11:47:39.079789500,UTPM_execID_2019.12.25_BTCUSD_75,sellOrderID_2019.12.25_BTCUSD_75,BTCUSD,S,9602672,8764.107496,sellTraderID_1,KRAKEN,CRYPTO,,,,,
new,2019.12.25D11:47:49.930789000,UTPM_execID_2019.12.25_BTCUSD_173,buyOrderID_2019.12.25_BTCUSD_173,BTCUSD,B,8579609,8623.802401,buyTraderID_1,KRAKEN,CRYPTO,,,,,
replaced,2019.12.25D11:47:49.930789000,UTPM_execID_2019.12.25_BTCUSD_173,buyOrderID_2019.12.25_BTCUSD_173,BTCUSD,B,8579609,8623.802401,buyTraderID_1,KRAKEN,CRYPTO,,,,,
new,2019.12.25D11:48:04.344980000,UTPM_execID_2019.12.25_BTCUSD_167,buyOrderID_2019.12.25_BTCUSD_167,BTCUSD,B,5773670,8666.630943,buyTraderID_1,KRAKEN,CRYPTO,,,,,
new,2019.12.25D11:48:33.024449500,UTPM_execID_2019.12.25_BTCUSD_9,buyOrderID_2019.12.25_BTCUSD_9,BTCUSD,B,6390671,8730.326708,buyTraderID_1,KRAKEN,CRYPTO,,,,,
new,2019.12.25D11:48:33.024449500,UTPM_execID_2019.12.25_BTCUSD_9,sellOrderID_2019.12.25_BTCUSD_9,BTCUSD,S,6390671,8730.326708,sellTraderID_3,KRAKEN,CRYPTO,,,,,
new,2019.12.25D11:48:54.631579000,UTPM_execID_2019.12.25_BTCUSD_135,buyOrderID_2019.12.25_BTCUSD_135,BTCUSD,B,7840676,8717.585273,buyTraderID_2,KRAKEN,CRYPTO,,,,,
new,2019.12.25D11:48:54.631579000,UTPM_execID_2019.12.25_BTCUSD_135,sellOrderID_2019.12.25_BTCUSD_135,BTCUSD,S,7840676,8717.585273,sellTraderID_2,KRAKEN,CRYPTO,,,,,
new,2019.12.25D11:49:54.844121500,UTPM_execID_2019.12.25_BTCUSD_44,buyOrderID_2019.12.25_BTCUSD_44,BTCUSD,B,8020932,8742.336977,buyTraderID_2,KRAKEN,CRYPTO,,,,,
new,2019.12.25D11:49:54.844121500,UTPM_execID_2019.12.25_BTCUSD_44,sellOrderID_2019.12.25_BTCUSD_44,BTCUSD,S,8020932,8742.336977,sellTraderID_3,KRAKEN,CRYPTO,,,,,
new,2019.12.25D11:50:31.902736500,UTPM_execID_2019.12.25_BTCUSD_119,buyOrderID_2019.12.25_BTCUSD_119,BTCUSD,B,6997858,8709.370623,buyTraderID_2,KRAKEN,CRYPTO,,,,,
new,2019.12.25D11:50:31.902736500,UTPM_execID_2019.12.25_BTCUSD_119,sellOrderID_2019.12.25_BTCUSD_119,BTCUSD,S,6997858,8709.370623,sellTraderID_1,KRAKEN,CRYPTO,,,,,
new,2019.12.25D11:50:32.887902000,UTPM_execID_2019.12.25_BTCUSD_98,buyOrderID_2019.12.25_BTCUSD_98,BTCUSD,B,3257805,8763.739815,buyTraderID_1,KRAKEN,CRYPTO,,,,,
new,2019.12.25D11:50:32.887902000,UTPM_execID_2019.12.25_BTCUSD_98,sellOrderID_2019.12.25_BTCUSD_98,BTCUSD,S,3257805,8763.739815,sellTraderID_1,KRAKEN,CRYPTO,,,,,
new,2019.12.25D11:50:48.390356000,UTPM_execID_2019.12.25_BTCUSD_166,buyOrderID_2019.12.25_BTCUSD_166,BTCUSD,B,3625557,8672.286332,buyTraderID_3,KRAKEN,CRYPTO,,,,,
new,2019.12.25D11:50:48.390356000,UTPM_execID_2019.12.25_BTCUSD_166,sellOrderID_2019.12.25_BTCUSD_166,BTCUSD,S,3625557,8672.286332,sellTraderID_2,KRAKEN,CRYPTO,,,,,
new,2019.12.25D11:51:09.687626500,UTPM_execID_2019.12.25_BTCUSD_101,sellOrderID_2019.12.25_BTCUSD_101,BTCUSD,S,4874908,8753.206512,sellTraderID_2,KRAKEN,CRYPTO,,,,,
new,2019.12.25D11:51:13.982477500,UTPM_execID_2019.12.25_BTCUSD_150,sellOrderID_2019.12.25_BTCUSD_150,BTCUSD,S,8955263,8714.568413,sellTraderID_3,KRAKEN,CRYPTO,,,,,
new,2019.12.25D11:51:37.959265500,UTPM_execID_2019.12.25_BTCUSD_139,buyOrderID_2019.12.25_BTCUSD_139,BTCUSD,B,1816154,8700.04615,buyTraderID_1,KRAKEN,CRYPTO,,,,,
new,2019.12.25D11:51:37.959265500,UTPM_execID_2019.12.25_BTCUSD_139,sellOrderID_2019.12.25_BTCUSD_139,BTCUSD,S,1816154,8700.04615,sellTraderID_3,KRAKEN,CRYPTO,,,,,
new,2019.12.25D11:52:16.871210000,UTPM_execID_2019.12.25_BTCUSD_35,sellOrderID_2019.12.25_BTCUSD_35,BTCUSD,S,7232686,8737.571441,sellTraderID_2,KRAKEN,CRYPTO,,,,,
new,2019.12.25D11:52:49.905777500,UTPM_execID_2019.12.25_BTCUSD_170,buyOrderID_2019.12.25_BTCUSD_170,BTCUSD,B,2384240,8636.41263,buyTraderID_1,KRAKEN,CRYPTO,,,,,
new,2019.12.25D11:52:49.905777500,UTPM_execID_2019.12.25_BTCUSD_170,sellOrderID_2019.12.25_BTCUSD_170,BTCUSD,S,2384240,8636.41263,sellTraderID_3,KRAKEN,CRYPTO,,,,,
new,2019.12.25D11:53:35.817258500,UTPM_execID_2019.12.25_BTCUSD_5,buyOrderID_2019.12.25_BTCUSD_5,BTCUSD,B,3948048,8714.737822,buyTraderID_1,KRAKEN,CRYPTO,,,,,
new,2019.12.25D11:53:35.817258500,UTPM_execID_2019.12.25_BTCUSD_5,sellOrderID_2019.12.25_BTCUSD_5,BTCUSD,S,3948048,8714.737822,sellTraderID_2,KRAKEN,CRYPTO,,,,,
new,2019.12.25D11:54:09.835660500,UTPM_execID_2019.12.25_BTCUSD_72,buyOrderID_2019.12.25_BTCUSD_72,BTCUSD,B,8254685,8757.090166,buyTraderID_1,KRAKEN,CRYPTO,,,,,
new,2019.12.25D11:54:09.835660500,UTPM_execID_2019.12.25_BTCUSD_72,sellOrderID_2019.12.25_BTCUSD_72,BTCUSD,S,8254685,8757.090166,sellTraderID_3,KRAKEN,CRYPTO,,,,,
new,2019.12.25D11:54:25.311736500,UTPM_execID_2019.12.25_BTCUSD_174,buyOrderID_2019.12.25_BTCUSD_174,BTCUSD,B,5434924,8632.324764,buyTraderID_2,KRAKEN,CRYPTO,,,,,
new,2019.12.25D11:54:25.311736500,UTPM_execID_2019.12.25_BTCUSD_174,sellOrderID_2019.12.25_BTCUSD_174,BTCUSD,S,5434924,8632.324764,sellTraderID_1,KRAKEN,CRYPTO,,,,,
new,2019.12.25D11:54:29.729738000,UTPM_execID_2019.12.25_BTCUSD_37,buyOrderID_2019.12.25_BTCUSD_37,BTCUSD,B,8073736,8737.943348,buyTraderID_1,KRAKEN,CRYPTO,,,,,
new,2019.12.25D11:54:29.729738000,UTPM_execID_2019.12.25_BTCUSD_37,sellOrderID_2019.12.25_BTCUSD_37,BTCUSD,S,8073736,8737.943348,sellTraderID_1,KRAKEN,CRYPTO,,,,,
new,2019.12.25D11:54:32.375854000,UTPM_execID_2019.12.25_BTCUSD_118,buyOrderID_2019.12.25_BTCUSD_118,BTCUSD,B,8356555,8715.743816,buyTraderID_1,KRAKEN,CRYPTO,,,,,
new,2019.12.25D11:54:32.375854000,UTPM_execID_2019.12.25_BTCUSD_118,sellOrderID_2019.12.25_BTCUSD_118,BTCUSD,S,8356555,8715.743816,sellTraderID_2,KRAKEN,CRYPTO,,,,,
new,2019.12.25D11:55:40.222803500,UTPM_execID_2019.12.25_BTCUSD_145,buyOrderID_2019.12.25_BTCUSD_145,BTCUSD,B,8879494,8697.908191,buyTraderID_1,KRAKEN,CRYPTO,,,,,
new,2019.12.25D11:55:40.222803500,UTPM_execID_2019.12.25_BTCUSD_145,sellOrderID_2019.12.25_BTCUSD_145,BTCUSD,S,8879494,8697.908191,sellTraderID_3,KRAKEN,CRYPTO,,,,,
new,2019.12.25D11:56:55.367961500,UTPM_execID_2019.12.25_BTCUSD_39,buyOrderID_2019.12.25_BTCUSD_39,BTCUSD,B,6140045,8759.797256,buyTraderID_3,KRAKEN,CRYPTO,,,,,
new,2019.12.25D11:57:51.480226500,UTPM_execID_2019.12.25_BTCUSD_51,buyOrderID_2019.12.25_BTCUSD_51,BTCUSD,B,6480753,8768.37642,buyTraderID_1,KRAKEN,CRYPTO,,,,,
new,2019.12.25D11:57:51.480226500,UTPM_execID_2019.12.25_BTCUSD_51,sellOrderID_2019.12.25_BTCUSD_51,BTCUSD,S,6480753,8768.37642,sellTraderID_3,KRAKEN,CRYPTO,,,,,
new,2019.12.25D11:58:02.918098000,UTPM_execID_2019.12.25_BTCUSD_56,buyOrderID_2019.12.25_BTCUSD_56,BTCUSD,B,1684482,8744.47719,buyTraderID_1,KRAKEN,CRYPTO,,,,,
replaced,2019.12.25D11:58:02.918098000,UTPM_execID_2019.12.25_BTCUSD_56,buyOrderID_2019.12.25_BTCUSD_56,BTCUSD,B,1684482,8744.47719,buyTraderID_1,KRAKEN,CRYPTO,,,,,
new,2019.12.25D11:58:02.918098000,UTPM_execID_2019.12.25_BTCUSD_56,sellOrderID_2019.12.25_BTCUSD_56,BTCUSD,S,1684482,8744.47719,sellTraderID_1,KRAKEN,CRYPTO,,,,,
replaced,2019.12.25D11:58:02.918098000,UTPM_execID_2019.12.25_BTCUSD_56,sellOrderID_2019.12.25_BTCUSD_56,BTCUSD,S,1684482,8744.47719,sellTraderID_1,KRAKEN,CRYPTO,,,,,
new,2019.12.25D11:58:16.956606000,UTPM_execID_2019.12.25_BTCUSD_136,buyOrderID_2019.12.25_BTCUSD_136,BTCUSD,B,2595709,8708.891282,buyTraderID_3,KRAKEN,CRYPTO,,,,,
new,2019.12.25D11:58:56.225489500,UTPM_execID_2019.12.25_BTCUSD_33,buyOrderID_2019.12.25_BTCUSD_33,BTCUSD,B,3372078,8743.066461,buyTraderID_3,KRAKEN,CRYPTO,,,,,
new,2019.12.25D11:58:56.225489500,UTPM_execID_2019.12.25_BTCUSD_33,sellOrderID_2019.12.25_BTCUSD_33,BTCUSD,S,3372078,8743.066461,sellTraderID_1,KRAKEN,CRYPTO,,,,,
new,2019.12.25D11:59:49.152363500,UTPM_execID_2019.12.25_BTCUSD_162,buyOrderID_2019.12.25_BTCUSD_162,BTCUSD,B,189375,8705.905213,buyTraderID_3,KRAKEN,CRYPTO,,,,,
new,2019.12.25D12:01:42.499553500,UTPM_execID_2019.12.25_BTCUSD_38,buyOrderID_2019.12.25_BTCUSD_38,BTCUSD,B,6217257,8750.268504,buyTraderID_2,KRAKEN,CRYPTO,,,,,
new,2019.12.25D12:01:42.499553500,UTPM_execID_2019.12.25_BTCUSD_38,sellOrderID_2019.12.25_BTCUSD_38,BTCUSD,S,6217257,8750.268504,sellTraderID_1,KRAKEN,CRYPTO,,,,,
new,2019.12.25D12:01:51.266421500,UTPM_execID_2019.12.25_BTCUSD_178,buyOrderID_2019.12.25_BTCUSD_178,BTCUSD,B,8526897,8619.016955,buyTraderID_2,KRAKEN,CRYPTO,,,,,
new,2019.12.25D12:01:51.266421500,UTPM_execID_2019.12.25_BTCUSD_178,sellOrderID_2019.12.25_BTCUSD_178,BTCUSD,S,8526897,8619.016955,sellTraderID_2,KRAKEN,CRYPTO,,,,,
new,2019.12.25D12:02:29.439738000,UTPM_execID_2019.12.25_BTCUSD_14,buyOrderID_2019.12.25_BTCUSD_14,BTCUSD,B,4222737,8747.410394,buyTraderID_3,KRAKEN,CRYPTO,,,,,
new,2019.12.25D12:02:29.439738000,UTPM_execID_2019.12.25_BTCUSD_14,sellOrderID_2019.12.25_BTCUSD_14,BTCUSD,S,4222737,8747.410394,sellTraderID_3,KRAKEN,CRYPTO,,,,,
new,2019.12.25D12:03:14.789273000,UTPM_execID_2019.12.25_BTCUSD_127,buyOrderID_2019.12.25_BTCUSD_127,BTCUSD,B,8370404,8710.559384,buyTraderID_2,KRAKEN,CRYPTO,,,,,
replaced,2019.12.25D12:03:14.789273000,UTPM_execID_2019.12.25_BTCUSD_127,buyOrderID_2019.12.25_BTCUSD_127,BTCUSD,B,8370404,8710.559384,buyTraderID_2,KRAKEN,CRYPTO,,,,,
new,2019.12.25D12:03:14.789273000,UTPM_execID_2019.12.25_BTCUSD_127,sellOrderID_2019.12.25_BTCUSD_127,BTCUSD,S,8370404,8710.559384,sellTraderID_1,KRAKEN,CRYPTO,,,,,
replaced,2019.12.25D12:03:14.789273000,UTPM_execID_2019.12.25_BTCUSD_127,sellOrderID_2019.12.25_BTCUSD_127,BTCUSD,S,8370404,8710.559384,sellTraderID_1,KRAKEN,CRYPTO,,,,,
new,2019.12.25D12:03:43.301328000,UTPM_execID_2019.12.25_BTCUSD_48,sellOrderID_2019.12.25_BTCUSD_48,BTCUSD,S,5231950,8765.538856,sellTraderID_2,KRAKEN,CRYPTO,,,,,
new,2019.12.25D12:04:21.184899000,UTPM_execID_2019.12.25_BTCUSD_54,buyOrderID_2019.12.25_BTCUSD_54,BTCUSD,B,4533877,8746.223121,buyTraderID_3,KRAKEN,CRYPTO,,,,,
new,2019.12.25D12:04:21.184899000,UTPM_execID_2019.12.25_BTCUSD_54,sellOrderID_2019.12.25_BTCUSD_54,BTCUSD,S,4533877,8746.223121,sellTraderID_1,KRAKEN,CRYPTO,,,,,
new,2019.12.25D12:05:08.683691000,UTPM_execID_2019.12.25_BTCUSD_115,buyOrderID_2019.12.25_BTCUSD_115,BTCUSD,B,1825470,8723.701552,buyTraderID_1,KRAKEN,CRYPTO,,,,,
new,2019.12.25D12:05:08.683691000,UTPM_execID_2019.12.25_BTCUSD_115,sellOrderID_2019.12.25_BTCUSD_115,BTCUSD,S,1825470,8723.701552,sellTraderID_2,KRAKEN,CRYPTO,,,,,
new,2019.12.25D12:06:01.469039000,UTPM_execID_2019.12.25_BTCUSD_122,buyOrderID_2019.12.25_BTCUSD_122,BTCUSD,B,348971,8705.753599,buyTraderID_2,KRAKEN,CRYPTO,,,,,
new,2019.12.25D12:06:01.469039000,UTPM_execID_2019.12.25_BTCUSD_122,sellOrderID_2019.12.25_BTCUSD_122,BTCUSD,S,348971,8705.753599,sellTraderID_2,KRAKEN,CRYPTO,,,,,
new,2019.12.25D12:06:06.045094000,UTPM_execID_2019.12.25_BTCUSD_159,buyOrderID_2019.12.25_BTCUSD_159,BTCUSD,B,8362105,8679.918724,buyTraderID_1,KRAKEN,CRYPTO,,,,,
new,2019.12.25D12:06:06.045094000,UTPM_execID_2019.12.25_BTCUSD_159,sellOrderID_2019.12.25_BTCUSD_159,BTCUSD,S,8362105,8679.918724,sellTraderID_1,KRAKEN,CRYPTO,,,,,
new,2019.12.25D12:06:08.870152500,UTPM_execID_2019.12.25_BTCUSD_58,buyOrderID_2019.12.25_BTCUSD_58,BTCUSD,B,5160987,8743.336842,buyTraderID_2,KRAKEN,CRYPTO,,,,,
new,2019.12.25D12:06:30.111070000,UTPM_execID_2019.12.25_BTCUSD_116,buyOrderID_2019.12.25_BTCUSD_116,BTCUSD,B,2715635,8716.171585,buyTraderID_3,KRAKEN,CRYPTO,,,,,
new,2019.12.25D12:06:30.111070000,UTPM_execID_2019.12.25_BTCUSD_116,sellOrderID_2019.12.25_BTCUSD_116,BTCUSD,S,2715635,8716.171585,sellTraderID_1,KRAKEN,CRYPTO,,,,,
new,2019.12.25D12:07:08.015244000,UTPM_execID_2019.12.25_BTCUSD_77,buyOrderID_2019.12.25_BTCUSD_77,BTCUSD,B,6134477,8739.924772,buyTraderID_3,KRAKEN,CRYPTO,,,,,
new,2019.12.25D12:07:08.015244000,UTPM_execID_2019.12.25_BTCUSD_77,sellOrderID_2019.12.25_BTCUSD_77,BTCUSD,S,6134477,8739.924772,sellTraderID_1,KRAKEN,CRYPTO,,,,,
new,2019.12.25D12:07:18.551709500,UTPM_execID_2019.12.25_BTCUSD_169,buyOrderID_2019.12.25_BTCUSD_169,BTCUSD,B,1342473,8646.298492,buyTraderID_1,KRAKEN,CRYPTO,,,,,
new,2019.12.25D12:07:18.551709500,UTPM_execID_2019.12.25_BTCUSD_169,sellOrderID_2019.12.25_BTCUSD_169,BTCUSD,S,1342473,8646.298492,sellTraderID_2,KRAKEN,CRYPTO,,,,,
new,2019.12.25D12:07:59.023135000,UTPM_execID_2019.12.25_BTCUSD_86,buyOrderID_2019.12.25_BTCUSD_86,BTCUSD,B,7360703,8768.09696,buyTraderID_2,KRAKEN,CRYPTO,,,,,
new,2019.12.25D12:07:59.023135000,UTPM_execID_2019.12.25_BTCUSD_86,sellOrderID_2019.12.25_BTCUSD_86,BTCUSD,S,7360703,8768.09696,sellTraderID_1,KRAKEN,CRYPTO,,,,,
new,2019.12.25D12:09:28.349031000,UTPM_execID_2019.12.25_BTCUSD_94,buyOrderID_2019.12.25_BTCUSD_94,BTCUSD,B,5236292,8751.436381,buyTraderID_3,KRAKEN,CRYPTO,,,,,
new,2019.12.25D12:09:28.349031000,UTPM_execID_2019.12.25_BTCUSD_94,sellOrderID_2019.12.25_BTCUSD_94,BTCUSD,S,5236292,8751.436381,sellTraderID_2,KRAKEN,CRYPTO,,,,,
new,2019.12.25D12:09:34.902930000,UTPM_execID_2019.12.25_BTCUSD_28,buyOrderID_2019.12.25_BTCUSD_28,BTCUSD,B,7706762,8754.070399,buyTraderID_2,KRAKEN,CRYPTO,,,,,
new,2019.12.25D12:09:34.902930000,UTPM_execID_2019.12.25_BTCUSD_28,sellOrderID_2019.12.25_BTCUSD_28,BTCUSD,S,7706762,8754.070399,sellTraderID_2,KRAKEN,CRYPTO,,,,,
new,2019.12.25D12:09:52.896163500,UTPM_execID_2019.12.25_BTCUSD_148,buyOrderID_2019.12.25_BTCUSD_148,BTCUSD,B,1054455,8703.663903,buyTraderID_3,KRAKEN,CRYPTO,,,,,
replaced,2019.12.25D12:09:52.896163500,UTPM_execID_2019.12.25_BTCUSD_148,buyOrderID_2019.12.25_BTCUSD_148,BTCUSD,B,1054455,8703.663903,buyTraderID_3,KRAKEN,CRYPTO,,,,,
new,2019.12.25D12:09:52.896163500,UTPM_execID_2019.12.25_BTCUSD_148,sellOrderID_2019.12.25_BTCUSD_148,BTCUSD,S,1054455,8703.663903,sellTraderID_3,KRAKEN,CRYPTO,,,,,
replaced,2019.12.25D12:09:52.896163500,UTPM_execID_2019.12.25_BTCUSD_148,sellOrderID_2019.12.25_BTCUSD_148,BTCUSD,S,1054455,8703.663903,sellTraderID_3,KRAKEN,CRYPTO,,,,,
new,2019.12.25D12:09:54.411380500,UTPM_execID_2019.12.25_BTCUSD_126,buyOrderID_2019.12.25_BTCUSD_126,BTCUSD,B,6111349,8702.485827,buyTraderID_3,KRAKEN,CRYPTO,,,,,
new,2019.12.25D12:09:54.411380500,UTPM_execID_2019.12.25_BTCUSD_126,sellOrderID_2019.12.25_BTCUSD_126,BTCUSD,S,6111349,8702.485827,sellTraderID_3,KRAKEN,CRYPTO,,,,,
new,2019.12.25D12:10:31.446301500,UTPM_execID_2019.12.25_BTCUSD_109,buyOrderID_2019.12.25_BTCUSD_109,BTCUSD,B,2672711,8736.796891,buyTraderID_3,KRAKEN,CRYPTO,,,,,
new,2019.12.25D12:10:31.446301500,UTPM_execID_2019.12.25_BTCUSD_109,sellOrderID_2019.12.25_BTCUSD_109,BTCUSD,S,2672711,8736.796891,sellTraderID_2,KRAKEN,CRYPTO,,,,,
new,2019.12.25D12:11:22.129082000,UTPM_execID_2019.12.25_BTCUSD_144,buyOrderID_2019.12.25_BTCUSD_144,BTCUSD,B,7269976,8705.373364,buyTraderID_3,KRAKEN,CRYPTO,,,,,
new,2019.12.25D12:11:25.788111000,UTPM_execID_2019.12.25_BTCUSD_42,buyOrderID_2019.12.25_BTCUSD_42,BTCUSD,B,5984299,8747.850409,buyTraderID_3,KRAKEN,CRYPTO,,,,,
new,2019.12.25D12:11:25.788111000,UTPM_execID_2019.12.25_BTCUSD_42,sellOrderID_2019.12.25_BTCUSD_42,BTCUSD,S,5984299,8747.850409,sellTraderID_2,KRAKEN,CRYPTO,,,,,
new,2019.12.25D12:11:40.096922000,UTPM_execID_2019.12.25_BTCUSD_155,buyOrderID_2019.12.25_BTCUSD_155,BTCUSD,B,5684084,8697.041573,buyTraderID_1,KRAKEN,CRYPTO,,,,,
new,2019.12.25D12:11:40.096922000,UTPM_execID_2019.12.25_BTCUSD_155,sellOrderID_2019.12.25_BTCUSD_155,BTCUSD,S,5684084,8697.041573,sellTraderID_3,KRAKEN,CRYPTO,,,,,
new,2019.12.25D12:12:18.897563000,UTPM_execID_2019.12.25_BTCUSD_160,buyOrderID_2019.12.25_BTCUSD_160,BTCUSD,B,7266512,8685.301607,buyTraderID_3,KRAKEN,CRYPTO,,,,,
new,2019.12.25D12:12:18.897563000,UTPM_execID_2019.12.25_BTCUSD_160,sellOrderID_2019.12.25_BTCUSD_160,BTCUSD,S,7266512,8685.301607,sellTraderID_3,KRAKEN,CRYPTO,,,,,
new,2019.12.25D12:13:01.114089000,UTPM_execID_2019.12.25_BTCUSD_112,sellOrderID_2019.12.25_BTCUSD_112,BTCUSD,S,5616568,8711.783876,sellTraderID_1,KRAKEN,CRYPTO,,,,,
replaced,2019.12.25D12:13:01.114089000,UTPM_execID_2019.12.25_BTCUSD_112,sellOrderID_2019.12.25_BTCUSD_112,BTCUSD,S,5616568,8711.783876,sellTraderID_1,KRAKEN,CRYPTO,,,,,
new,2019.12.25D12:13:10.396109000,UTPM_execID_2019.12.25_BTCUSD_63,sellOrderID_2019.12.25_BTCUSD_63,BTCUSD,S,9032044,8766.495067,sellTraderID_3,KRAKEN,CRYPTO,,,,,
new,2019.12.25D12:13:38.937055500,UTPM_execID_2019.12.25_BTCUSD_61,buyOrderID_2019.12.25_BTCUSD_61,BTCUSD,B,5092340,8750.684978,buyTraderID_1,KRAKEN,CRYPTO,,,,,
new,2019.12.25D12:13:38.937055500,UTPM_execID_2019.12.25_BTCUSD_61,sellOrderID_2019.12.25_BTCUSD_61,BTCUSD,S,5092340,8750.684978,sellTraderID_2,KRAKEN,CRYPTO,,,,,
new,2019.12.25D12:13:38.963791000,UTPM_execID_2019.12.25_BTCUSD_130,buyOrderID_2019.12.25_BTCUSD_130,BTCUSD,B,5331735,8726.891705,buyTraderID_2,KRAKEN,CRYPTO,,,,,
new,2019.12.25D12:13:38.963791000,UTPM_execID_2019.12.25_BTCUSD_130,sellOrderID_2019.12.25_BTCUSD_130,BTCUSD,S,5331735,8726.891705,sellTraderID_2,KRAKEN,CRYPTO,,,,,
new,2019.12.25D12:14:00.643509500,UTPM_execID_2019.12.25_BTCUSD_81,buyOrderID_2019.12.25_BTCUSD_81,BTCUSD,B,3557134,8743.587358,buyTraderID_3,KRAKEN,CRYPTO,,,,,
new,2019.12.25D12:14:14.237799000,UTPM_execID_2019.12.25_BTCUSD_6,buyOrderID_2019.12.25_BTCUSD_6,BTCUSD,B,597468,8720.79501,buyTraderID_2,KRAKEN,CRYPTO,,,,,
new,2019.12.25D12:14:14.237799000,UTPM_execID_2019.12.25_BTCUSD_6,sellOrderID_2019.12.25_BTCUSD_6,BTCUSD,S,597468,8720.79501,sellTraderID_3,KRAKEN,CRYPTO,,,,,
new,2019.12.25D12:14:17.748746000,UTPM_execID_2019.12.25_BTCUSD_50,buyOrderID_2019.12.25_BTCUSD_50,BTCUSD,B,6635414,8775.037897,buyTraderID_3,KRAKEN,CRYPTO,,,,,
new,2019.12.25D12:14:17.748746000,UTPM_execID_2019.12.25_BTCUSD_50,sellOrderID_2019.12.25_BTCUSD_50,BTCUSD,S,6635414,8775.037897,sellTraderID_2,KRAKEN,CRYPTO,,,,,
new,2019.12.25D12:14:54.936127000,UTPM_execID_2019.12.25_BTCUSD_87,buyOrderID_2019.12.25_BTCUSD_87,BTCUSD,B,9274737,8762.229576,buyTraderID_1,KRAKEN,CRYPTO,,,,,
new,2019.12.25D12:14:54.936127000,UTPM_execID_2019.12.25_BTCUSD_87,sellOrderID_2019.12.25_BTCUSD_87,BTCUSD,S,9274737,8762.229576,sellTraderID_2,KRAKEN,CRYPTO,,,,,
new,2019.12.25D12:15:05.128149500,UTPM_execID_2019.12.25_BTCUSD_143,buyOrderID_2019.12.25_BTCUSD_143,BTCUSD,B,3367203,8712.005068,buyTraderID_3,KRAKEN,CRYPTO,,,,,
new,2019.12.25D12:15:05.128149500,UTPM_execID_2019.12.25_BTCUSD_143,sellOrderID_2019.12.25_BTCUSD_143,BTCUSD,S,3367203,8712.005068,sellTraderID_2,KRAKEN,CRYPTO,,,,,
new,2019.12.25D12:15:15.679184500,UTPM_execID_2019.12.25_BTCUSD_66,buyOrderID_2019.12.25_BTCUSD_66,BTCUSD,B,1561214,8759.015652,buyTraderID_2,KRAKEN,CRYPTO,,,,,
new,2019.12.25D12:15:15.679184500,UTPM_execID_2019.12.25_BTCUSD_66,sellOrderID_2019.12.25_BTCUSD_66,BTCUSD,S,1561214,8759.015652,sellTraderID_2,KRAKEN,CRYPTO,,,,,
new,2019.12.25D12:15:21.954822000,UTPM_execID_2019.12.25_BTCUSD_57,buyOrderID_2019.12.25_BTCUSD_57,BTCUSD,B,9414409,8749.952553,buyTraderID_3,KRAKEN,CRYPTO,,,,,
new,2019.12.25D12:15:21.954822000,UTPM_execID_2019.12.25_BTCUSD_57,sellOrderID_2019.12.25_BTCUSD_57,BTCUSD,S,9414409,8749.952553,sellTraderID_3,KRAKEN,CRYPTO,,,,,
new,2019.12.25D12:15:48.523688500,UTPM_execID_2019.12.25_BTCUSD_21,buyOrderID_2019.12.25_BTCUSD_21,BTCUSD,B,7457572,8741.269831,buyTraderID_1,KRAKEN,CRYPTO,,,,,
new,2019.12.25D12:15:48.523688500,UTPM_execID_2019.12.25_BTCUSD_21,sellOrderID_2019.12.25_BTCUSD_21,BTCUSD,S,7457572,8741.269831,sellTraderID_3,KRAKEN,CRYPTO,,,,,
new,2019.12.25D12:16:03.787690000,UTPM_execID_2019.12.25_BTCUSD_175,sellOrderID_2019.12.25_BTCUSD_175,BTCUSD,S,2193290,8623.651728,sellTraderID_3,KRAKEN,CRYPTO,,,,,
new,2019.12.25D12:16:06.541760000,UTPM_execID_2019.12.25_BTCUSD_114,buyOrderID_2019.12.25_BTCUSD_114,BTCUSD,B,5666460,8729.863211,buyTraderID_1,KRAKEN,CRYPTO,,,,,
replaced,2019.12.25D12:16:06.541760000,UTPM_execID_2019.12.25_BTCUSD_114,buyOrderID_2019.12.25_BTCUSD_114,BTCUSD,B,5666460,8729.863211,buyTraderID_1,KRAKEN,CRYPTO,,,,,
new,2019.12.25D12:16:06.541760000,UTPM_execID_2019.12.25_BTCUSD_114,sellOrderID_2019.12.25_BTCUSD_114,BTCUSD,S,5666460,8729.863211,sellTraderID_1,KRAKEN,CRYPTO,,,,,
replaced,2019.12.25D12:16:06.541760000,UTPM_execID_2019.12.25_BTCUSD_114,sellOrderID_2019.12.25_BTCUSD_114,BTCUSD,S,5666460,8729.863211,sellTraderID_1,KRAKEN,CRYPTO,,,,,
new,2019.12.25D12:17:37.566864500,UTPM_execID_2019.12.25_BTCUSD_19,buyOrderID_2019.12.25_BTCUSD_19,BTCUSD,B,2309324,8753.264043,buyTraderID_1,KRAKEN,CRYPTO,,,,,
new,2019.12.25D12:17:37.566864500,UTPM_execID_2019.12.25_BTCUSD_19,sellOrderID_2019.12.25_BTCUSD_19,BTCUSD,S,2309324,8753.264043,sellTraderID_1,KRAKEN,CRYPTO,,,,,
new,2019.12.25D12:19:06.385336000,UTPM_execID_2019.12.25_BTCUSD_49,buyOrderID_2019.12.25_BTCUSD_49,BTCUSD,B,6423056,8770.796045,buyTraderID_3,KRAKEN,CRYPTO,,,,,
new,2019.12.25D12:19:06.385336000,UTPM_execID_2019.12.25_BTCUSD_49,sellOrderID_2019.12.25_BTCUSD_49,BTCUSD,S,6423056,8770.796045,sellTraderID_1,KRAKEN,CRYPTO,,,,,
new,2019.12.25D12:19:19.788891000,UTPM_execID_2019.12.25_BTCUSD_88,buyOrderID_2019.12.25_BTCUSD_88,BTCUSD,B,6629814,8754.371349,buyTraderID_1,KRAKEN,CRYPTO,,,,,
new,2019.12.25D12:19:19.788891000,UTPM_execID_2019.12.25_BTCUSD_88,sellOrderID_2019.12.25_BTCUSD_88,BTCUSD,S,6629814,8754.371349,sellTraderID_2,KRAKEN,CRYPTO,,,,,
new,2019.12.25D12:19:31.073923000,UTPM_execID_2019.12.25_BTCUSD_171,buyOrderID_2019.12.25_BTCUSD_171,BTCUSD,B,239517,8626.400605,buyTraderID_2,KRAKEN,CRYPTO,,,,,
new,2019.12.25D12:19:34.200794000,UTPM_execID_2019.12.25_BTCUSD_102,buyOrderID_2019.12.25_BTCUSD_102,BTCUSD,B,6126162,8744.994997,buyTraderID_1,KRAKEN,CRYPTO,,,,,
new,2019.12.25D12:19:34.200794000,UTPM_execID_2019.12.25_BTCUSD_102,sellOrderID_2019.12.25_BTCUSD_102,BTCUSD,S,6126162,8744.994997,sellTraderID_2,KRAKEN,CRYPTO,,,,,
new,2019.12.25D12:19:54.694718000,UTPM_execID_2019.12.25_BTCUSD_83,buyOrderID_2019.12.25_BTCUSD_83,BTCUSD,B,7120063,8763.269694,buyTraderID_1,KRAKEN,CRYPTO,,,,,
new,2019.12.25D12:19:54.694718000,UTPM_execID_2019.12.25_BTCUSD_83,sellOrderID_2019.12.25_BTCUSD_83,BTCUSD,S,7120063,8763.269694,sellTraderID_1,KRAKEN,CRYPTO,,,,,
new,2019.12.25D12:20:05.497565000,UTPM_execID_2019.12.25_BTCUSD_95,buyOrderID_2019.12.25_BTCUSD_95,BTCUSD,B,509910,8758.889465,buyTraderID_1,KRAKEN,CRYPTO,,,,,
new,2019.12.25D12:20:05.497565000,UTPM_execID_2019.12.25_BTCUSD_95,sellOrderID_2019.12.25_BTCUSD_95,BTCUSD,S,509910,8758.889465,sellTraderID_2,KRAKEN,CRYPTO,,,,,
new,2019.12.25D12:20:45.646382500,UTPM_execID_2019.12.25_BTCUSD_172,buyOrderID_2019.12.25_BTCUSD_172,BTCUSD,B,1056698,8618.053507,buyTraderID_2,KRAKEN,CRYPTO,,,,,
new,2019.12.25D12:20:45.646382500,UTPM_execID_2019.12.25_BTCUSD_172,sellOrderID_2019.12.25_BTCUSD_172,BTCUSD,S,1056698,8618.053507,sellTraderID_3,KRAKEN,CRYPTO,,,,,
new,2019.12.25D12:21:18.187457000,UTPM_execID_2019.12.25_BTCUSD_40,buyOrderID_2019.12.25_BTCUSD_40,BTCUSD,B,9215684,8763.842344,buyTraderID_1,KRAKEN,CRYPTO,,,,,
new,2019.12.25D12:21:18.187457000,UTPM_execID_2019.12.25_BTCUSD_40,sellOrderID_2019.12.25_BTCUSD_40,BTCUSD,S,9215684,8763.842344,sellTraderID_3,KRAKEN,CRYPTO,,,,,
new,2019.12.25D12:21:59.702568000,UTPM_execID_2019.12.25_BTCUSD_158,buyOrderID_2019.12.25_BTCUSD_158,BTCUSD,B,6325944,8683.987977,buyTraderID_1,KRAKEN,CRYPTO,,,,,
replaced,2019.12.25D12:21:59.702568000,UTPM_execID_2019.12.25_BTCUSD_158,buyOrderID_2019.12.25_BTCUSD_158,BTCUSD,B,6325944,8683.987977,buyTraderID_1,KRAKEN,CRYPTO,,,,,
new,2019.12.25D12:21:59.702568000,UTPM_execID_2019.12.25_BTCUSD_158,sellOrderID_2019.12.25_BTCUSD_158,BTCUSD,S,6325944,8683.987977,sellTraderID_1,KRAKEN,CRYPTO,,,,,
replaced,2019.12.25D12:21:59.702568000,UTPM_execID_2019.12.25_BTCUSD_158,sellOrderID_2019.12.25_BTCUSD_158,BTCUSD,S,6325944,8683.987977,sellTraderID_1,KRAKEN,CRYPTO,,,,,
new,2019.12.25D12:22:20.190508000,UTPM_execID_2019.12.25_BTCUSD_30,buyOrderID_2019.12.25_BTCUSD_30,BTCUSD,B,2890549,8766.429771,buyTraderID_1,KRAKEN,CRYPTO,,,,,
new,2019.12.25D12:22:20.190508000,UTPM_execID_2019.12.25_BTCUSD_30,sellOrderID_2019.12.25_BTCUSD_30,BTCUSD,S,2890549,8766.429771,sellTraderID_2,KRAKEN,CRYPTO,,,,,
new,2019.12.25D12:23:03.434379000,UTPM_execID_2019.12.25_BTCUSD_165,buyOrderID_2019.12.25_BTCUSD_165,BTCUSD,B,8485795,8678.870816,buyTraderID_2,KRAKEN,CRYPTO,,,,,
new,2019.12.25D12:23:03.434379000,UTPM_execID_2019.12.25_BTCUSD_165,sellOrderID_2019.12.25_BTCUSD_165,BTCUSD,S,8485795,8678.870816,sellTraderID_3,KRAKEN,CRYPTO,,,,,
new,2019.12.25D12:24:15.432299500,UTPM_execID_2019.12.25_BTCUSD_146,buyOrderID_2019.12.25_BTCUSD_146,BTCUSD,B,6228868,8707.315798,buyTraderID_1,KRAKEN,CRYPTO,,,,,
replaced,2019.12.25D12:24:15.432299500,UTPM_execID_2019.12.25_BTCUSD_146,buyOrderID_2019.12.25_BTCUSD_146,BTCUSD,B,6228868,8707.315798,buyTraderID_1,KRAKEN,CRYPTO,,,,,
new,2019.12.25D12:24:15.432299500,UTPM_execID_2019.12.25_BTCUSD_146,sellOrderID_2019.12.25_BTCUSD_146,BTCUSD,S,6228868,8707.315798,sellTraderID_1,KRAKEN,CRYPTO,,,,,
replaced,2019.12.25D12:24:15.432299500,UTPM_execID_2019.12.25_BTCUSD_146,sellOrderID_2019.12.25_BTCUSD_146,BTCUSD,S,6228868,8707.315798,sellTraderID_1,KRAKEN,CRYPTO,,,,,
new,2019.12.25D12:25:32.973681000,UTPM_execID_2019.12.25_BTCUSD_41,buyOrderID_2019.12.25_BTCUSD_41,BTCUSD,B,945685,8755.772851,buyTraderID_3,KRAKEN,CRYPTO,,,,,
new,2019.12.25D12:25:32.973681000,UTPM_execID_2019.12.25_BTCUSD_41,sellOrderID_2019.12.25_BTCUSD_41,BTCUSD,S,945685,8755.772851,sellTraderID_1,KRAKEN,CRYPTO,,,,,
new,2019.12.25D12:25:38.951911500,UTPM_execID_2019.12.25_BTCUSD_89,buyOrderID_2019.12.25_BTCUSD_89,BTCUSD,B,8213348,8747.042095,buyTraderID_2,KRAKEN,CRYPTO,,,,,
replaced,2019.12.25D12:25:38.951911500,UTPM_execID_2019.12.25_BTCUSD_89,buyOrderID_2019.12.25_BTCUSD_89,BTCUSD,B,8213348,8747.042095,buyTraderID_2,KRAKEN,CRYPTO,,,,,
new,2019.12.25D12:25:38.951911500,UTPM_execID_2019.12.25_BTCUSD_89,sellOrderID_2019.12.25_BTCUSD_89,BTCUSD,S,8213348,8747.042095,sellTraderID_1,KRAKEN,CRYPTO,,,,,
replaced,2019.12.25D12:25:38.951911500,UTPM_execID_2019.12.25_BTCUSD_89,sellOrderID_2019.12.25_BTCUSD_89,BTCUSD,S,8213348,8747.042095,sellTraderID_1,KRAKEN,CRYPTO,,,,,
new,2019.12.25D12:26:06.304797500,UTPM_execID_2019.12.25_BTCUSD_179,buyOrderID_2019.12.25_BTCUSD_179,BTCUSD,B,9915668,8627.261119,buyTraderID_2,KRAKEN,CRYPTO,,,,,
replaced,2019.12.25D12:26:06.304797500,UTPM_execID_2019.12.25_BTCUSD_179,buyOrderID_2019.12.25_BTCUSD_179,BTCUSD,B,9915668,8627.261119,buyTraderID_2,KRAKEN,CRYPTO,,,,,
new,2019.12.25D12:26:06.304797500,UTPM_execID_2019.12.25_BTCUSD_179,sellOrderID_2019.12.25_BTCUSD_179,BTCUSD,S,9915668,8627.261119,sellTraderID_3,KRAKEN,CRYPTO,,,,,
replaced,2019.12.25D12:26:06.304797500,UTPM_execID_2019.12.25_BTCUSD_179,sellOrderID_2019.12.25_BTCUSD_179,BTCUSD,S,9915668,8627.261119,sellTraderID_3,KRAKEN,CRYPTO,,,,,
new,2019.12.25D12:26:22.538196000,UTPM_execID_2019.12.25_BTCUSD_7,buyOrderID_2019.12.25_BTCUSD_7,BTCUSD,B,1678127,8714.649331,buyTraderID_3,KRAKEN,CRYPTO,,,,,
new,2019.12.25D12:26:22.538196000,UTPM_execID_2019.12.25_BTCUSD_7,sellOrderID_2019.12.25_BTCUSD_7,BTCUSD,S,1678127,8714.649331,sellTraderID_2,KRAKEN,CRYPTO,,,,,
new,2019.12.25D12:26:25.533644500,UTPM_execID_2019.12.25_BTCUSD_82,buyOrderID_2019.12.25_BTCUSD_82,BTCUSD,B,212509,8750.538814,buyTraderID_3,KRAKEN,CRYPTO,,,,,
new,2019.12.25D12:26:25.533644500,UTPM_execID_2019.12.25_BTCUSD_82,sellOrderID_2019.12.25_BTCUSD_82,BTCUSD,S,212509,8750.538814,sellTraderID_1,KRAKEN,CRYPTO,,,,,
new,2019.12.25D12:28:26.743068000,UTPM_execID_2019.12.25_BTCUSD_125,buyOrderID_2019.12.25_BTCUSD_125,BTCUSD,B,5345142,8711.629069,buyTraderID_1,KRAKEN,CRYPTO,,,,,
new,2019.12.25D12:28:38.219313000,UTPM_execID_2019.12.25_BTCUSD_73,buyOrderID_2019.12.25_BTCUSD_73,BTCUSD,B,3472505,8764.339838,buyTraderID_2,KRAKEN,CRYPTO,,,,,
new,2019.12.25D12:28:38.219313000,UTPM_execID_2019.12.25_BTCUSD_73,sellOrderID_2019.12.25_BTCUSD_73,BTCUSD,S,3472505,8764.339838,sellTraderID_1,KRAKEN,CRYPTO,,,,,
new,2019.12.25D12:29:26.669258500,UTPM_execID_2019.12.25_BTCUSD_47,buyOrderID_2019.12.25_BTCUSD_47,BTCUSD,B,3025659,8758.557681,buyTraderID_2,KRAKEN,CRYPTO,,,,,
new,2019.12.25D12:29:26.669258500,UTPM_execID_2019.12.25_BTCUSD_47,sellOrderID_2019.12.25_BTCUSD_47,BTCUSD,S,3025659,8758.557681,sellTraderID_3,KRAKEN,CRYPTO,,,,,
new,2019.12.25D12:31:01.522968000,UTPM_execID_2019.12.25_BTCUSD_22,buyOrderID_2019.12.25_BTCUSD_22,BTCUSD,B,1870444,8734.180797,buyTraderID_3,KRAKEN,CRYPTO,,,,,
new,2019.12.25D12:31:01.522968000,UTPM_execID_2019.12.25_BTCUSD_22,sellOrderID_2019.12.25_BTCUSD_22,BTCUSD,S,1870444,8734.180797,sellTraderID_3,KRAKEN,CRYPTO,,,,,
new,2019.12.25D12:31:18.375798500,UTPM_execID_2019.12.25_BTCUSD_1,buyOrderID_2019.12.25_BTCUSD_1,BTCUSD,B,6851305,8727.93117,buyTraderID_2,KRAKEN,CRYPTO,,,,,
replaced,2019.12.25D12:31:18.375798500,UTPM_execID_2019.12.25_BTCUSD_1,buyOrderID_2019.12.25_BTCUSD_1,BTCUSD,B,6851305,8727.93117,buyTraderID_2,KRAKEN,CRYPTO,,,,,
new,2019.12.25D12:31:18.375798500,UTPM_execID_2019.12.25_BTCUSD_1,sellOrderID_2019.12.25_BTCUSD_1,BTCUSD,S,6851305,8727.93117,sellTraderID_1,KRAKEN,CRYPTO,,,,,
replaced,2019.12.25D12:31:18.375798500,UTPM_execID_2019.12.25_BTCUSD_1,sellOrderID_2019.12.25_BTCUSD_1,BTCUSD,S,6851305,8727.93117,sellTraderID_1,KRAKEN,CRYPTO,,,,,
new,2019.12.25D12:31:22.609781000,UTPM_execID_2019.12.25_BTCUSD_74,buyOrderID_2019.12.25_BTCUSD_74,BTCUSD,B,219736,8755.071472,buyTraderID_1,KRAKEN,CRYPTO,,,,,
new,2019.12.25D12:31:22.609781000,UTPM_execID_2019.12.25_BTCUSD_74,sellOrderID_2019.12.25_BTCUSD_74,BTCUSD,S,219736,8755.071472,sellTraderID_1,KRAKEN,CRYPTO,,,,,
new,2019.12.25D12:31:36.673891500,UTPM_execID_2019.12.25_BTCUSD_32,buyOrderID_2019.12.25_BTCUSD_32,BTCUSD,B,5451223,8748.378332,buyTraderID_1,KRAKEN,CRYPTO,,,,,
new,2019.12.25D12:31:36.673891500,UTPM_execID_2019.12.25_BTCUSD_32,sellOrderID_2019.12.25_BTCUSD_32,BTCUSD,S,5451223,8748.378332,sellTraderID_1,KRAKEN,CRYPTO,,,,,
new,2019.12.25D11:00:39.910508000,UTPM_execID_2019.12.25_LTCUSD_20,buyOrderID_2019.12.25_LTCUSD_20,LTCUSD,B,2989125,62.9222908,buyTraderID_3,KRAKEN,CRYPTO,,,,,
new,2019.12.25D11:00:39.910508000,UTPM_execID_2019.12.25_LTCUSD_20,sellOrderID_2019.12.25_LTCUSD_20,LTCUSD,S,2989125,62.9222908,sellTraderID_3,KRAKEN,CRYPTO,,,,,
new,2019.12.25D11:01:52.600911500,UTPM_execID_2019.12.25_LTCUSD_37,buyOrderID_2019.12.25_LTCUSD_37,LTCUSD,B,1049660,62.9527296,buyTraderID_3,KRAKEN,CRYPTO,,,,,
new,2019.12.25D11:01:52.600911500,UTPM_execID_2019.12.25_LTCUSD_37,sellOrderID_2019.12.25_LTCUSD_37,LTCUSD,S,1049660,62.9527296,sellTraderID_3,KRAKEN,CRYPTO,,,,,
new,2019.12.25D11:02:05.544991000,UTPM_execID_2019.12.25_LTCUSD_1,buyOrderID_2019.12.25_LTCUSD_1,LTCUSD,B,8290369,63.5738978,buyTraderID_3,KRAKEN,CRYPTO,,,,,
replaced,2019.12.25D11:02:05.544991000,UTPM_execID_2019.12.25_LTCUSD_1,buyOrderID_2019.12.25_LTCUSD_1,LTCUSD,B,8290369,63.5738978,buyTraderID_3,KRAKEN,CRYPTO,,,,,
new,2019.12.25D11:02:05.544991000,UTPM_execID_2019.12.25_LTCUSD_1,sellOrderID_2019.12.25_LTCUSD_1,LTCUSD,S,8290369,63.5738978,sellTraderID_1,KRAKEN,CRYPTO,,,,,
replaced,2019.12.25D11:02:05.544991000,UTPM_execID_2019.12.25_LTCUSD_1,sellOrderID_2019.12.25_LTCUSD_1,LTCUSD,S,8290369,63.5738978,sellTraderID_1,KRAKEN,CRYPTO,,,,,
new,2019.12.25D11:02:10.702396000,UTPM_execID_2019.12.25_LTCUSD_131,buyOrderID_2019.12.25_LTCUSD_131,LTCUSD,B,7902930,63.8901793,buyTraderID_1,KRAKEN,CRYPTO,,,,,
new,2019.12.25D11:02:10.702396000,UTPM_execID_2019.12.25_LTCUSD_131,sellOrderID_2019.12.25_LTCUSD_131,LTCUSD,S,7902930,63.8901793,sellTraderID_3,KRAKEN,CRYPTO,,,,,
new,2019.12.25D11:03:00.132073000,UTPM_execID_2019.12.25_LTCUSD_150,buyOrderID_2019.12.25_LTCUSD_150,LTCUSD,B,3325290,64.5003242,buyTraderID_3,KRAKEN,CRYPTO,,,,,
new,2019.12.25D11:03:00.132073000,UTPM_execID_2019.12.25_LTCUSD_150,sellOrderID_2019.12.25_LTCUSD_150,LTCUSD,S,3325290,64.5003242,sellTraderID_1,KRAKEN,CRYPTO,,,,,
new,2019.12.25D11:04:09.177269000,UTPM_execID_2019.12.25_LTCUSD_34,buyOrderID_2019.12.25_LTCUSD_34,LTCUSD,B,748943,62.8575317,buyTraderID_1,KRAKEN,CRYPTO,,,,,
new,2019.12.25D11:04:09.177269000,UTPM_execID_2019.12.25_LTCUSD_34,sellOrderID_2019.12.25_LTCUSD_34,LTCUSD,S,748943,62.8575317,sellTraderID_1,KRAKEN,CRYPTO,,,,,
new,2019.12.25D11:06:23.923908500,UTPM_execID_2019.12.25_LTCUSD_61,buyOrderID_2019.12.25_LTCUSD_61,LTCUSD,B,1986464,62.7711925,buyTraderID_1,KRAKEN,CRYPTO,,,,,
new,2019.12.25D11:06:23.923908500,UTPM_execID_2019.12.25_LTCUSD_61,sellOrderID_2019.12.25_LTCUSD_61,LTCUSD,S,1986464,62.7711925,sellTraderID_2,KRAKEN,CRYPTO,,,,,
new,2019.12.25D11:06:26.163261000,UTPM_execID_2019.12.25_LTCUSD_87,buyOrderID_2019.12.25_LTCUSD_87,LTCUSD,B,7034005,63.1537765,buyTraderID_3,KRAKEN,CRYPTO,,,,,
new,2019.12.25D11:06:26.163261000,UTPM_execID_2019.12.25_LTCUSD_87,sellOrderID_2019.12.25_LTCUSD_87,LTCUSD,S,7034005,63.1537765,sellTraderID_1,KRAKEN,CRYPTO,,,,,
new,2019.12.25D11:07:30.255646500,UTPM_execID_2019.12.25_LTCUSD_3,buyOrderID_2019.12.25_LTCUSD_3,LTCUSD,B,9278098,63.3942015,buyTraderID_3,KRAKEN,CRYPTO,,,,,
new,2019.12.25D11:07:30.255646500,UTPM_execID_2019.12.25_LTCUSD_3,sellOrderID_2019.12.25_LTCUSD_3,LTCUSD,S,9278098,63.3942015,sellTraderID_2,KRAKEN,CRYPTO,,,,,
new,2019.12.25D11:07:58.475596500,UTPM_execID_2019.12.25_LTCUSD_154,buyOrderID_2019.12.25_LTCUSD_154,LTCUSD,B,893522,63.8775998,buyTraderID_1,KRAKEN,CRYPTO,,,,,
new,2019.12.25D11:07:58.475596500,UTPM_execID_2019.12.25_LTCUSD_154,sellOrderID_2019.12.25_LTCUSD_154,LTCUSD,S,893522,63.8775998,sellTraderID_3,KRAKEN,CRYPTO,,,,,
new,2019.12.25D11:08:39.786536500,UTPM_execID_2019.12.25_LTCUSD_99,buyOrderID_2019.12.25_LTCUSD_99,LTCUSD,B,9081996,63.6661087,buyTraderID_1,KRAKEN,CRYPTO,,,,,
new,2019.12.25D11:08:39.786536500,UTPM_execID_2019.12.25_LTCUSD_99,sellOrderID_2019.12.25_LTCUSD_99,LTCUSD,S,9081996,63.6661087,sellTraderID_2,KRAKEN,CRYPTO,,,,,
new,2019.12.25D11:08:55.893875000,UTPM_execID_2019.12.25_LTCUSD_25,buyOrderID_2019.12.25_LTCUSD_25,LTCUSD,B,4857255,63.1539021,buyTraderID_3,KRAKEN,CRYPTO,,,,,
replaced,2019.12.25D11:08:55.893875000,UTPM_execID_2019.12.25_LTCUSD_25,buyOrderID_2019.12.25_LTCUSD_25,LTCUSD,B,4857255,63.1539021,buyTraderID_3,KRAKEN,CRYPTO,,,,,
new,2019.12.25D11:08:55.893875000,UTPM_execID_2019.12.25_LTCUSD_25,sellOrderID_2019.12.25_LTCUSD_25,LTCUSD,S,4857255,63.1539021,sellTraderID_2,KRAKEN,CRYPTO,,,,,
replaced,2019.12.25D11:08:55.893875000,UTPM_execID_2019.12.25_LTCUSD_25,sellOrderID_2019.12.25_LTCUSD_25,LTCUSD,S,4857255,63.1539021,sellTraderID_2,KRAKEN,CRYPTO,,,,,
new,2019.12.25D11:09:12.846453500,UTPM_execID_2019.12.25_LTCUSD_138,buyOrderID_2019.12.25_LTCUSD_138,LTCUSD,B,3160894,63.7350256,buyTraderID_2,KRAKEN,CRYPTO,,,,,
new,2019.12.25D11:09:12.846453500,UTPM_execID_2019.12.25_LTCUSD_138,sellOrderID_2019.12.25_LTCUSD_138,LTCUSD,S,3160894,63.7350256,sellTraderID_3,KRAKEN,CRYPTO,,,,,
new,2019.12.25D11:09:19.875530500,UTPM_execID_2019.12.25_LTCUSD_174,buyOrderID_2019.12.25_LTCUSD_174,LTCUSD,B,18575,64.7175255,buyTraderID_1,KRAKEN,CRYPTO,,,,,
new,2019.12.25D11:09:19.875530500,UTPM_execID_2019.12.25_LTCUSD_174,sellOrderID_2019.12.25_LTCUSD_174,LTCUSD,S,18575,64.7175255,sellTraderID_1,KRAKEN,CRYPTO,,,,,
new,2019.12.25D11:09:32.540787500,UTPM_execID_2019.12.25_LTCUSD_4,buyOrderID_2019.12.25_LTCUSD_4,LTCUSD,B,4182069,63.3210863,buyTraderID_2,KRAKEN,CRYPTO,,,,,
new,2019.12.25D11:09:32.540787500,UTPM_execID_2019.12.25_LTCUSD_4,sellOrderID_2019.12.25_LTCUSD_4,LTCUSD,S,4182069,63.3210863,sellTraderID_1,KRAKEN,CRYPTO,,,,,
new,2019.12.25D11:09:35.359268000,UTPM_execID_2019.12.25_LTCUSD_104,buyOrderID_2019.12.25_LTCUSD_104,LTCUSD,B,1073440,63.3275511,buyTraderID_3,KRAKEN,CRYPTO,,,,,
new,2019.12.25D11:09:35.359268000,UTPM_execID_2019.12.25_LTCUSD_104,sellOrderID_2019.12.25_LTCUSD_104,LTCUSD,S,1073440,63.3275511,sellTraderID_2,KRAKEN,CRYPTO,,,,,
new,2019.12.25D11:10:10.916504000,UTPM_execID_2019.12.25_LTCUSD_158,buyOrderID_2019.12.25_LTCUSD_158,LTCUSD,B,8668333,63.9602976,buyTraderID_3,KRAKEN,CRYPTO,,,,,
new,2019.12.25D11:10:10.916504000,UTPM_execID_2019.12.25_LTCUSD_158,sellOrderID_2019.12.25_LTCUSD_158,LTCUSD,S,8668333,63.9602976,sellTraderID_3,KRAKEN,CRYPTO,,,,,
new,2019.12.25D11:10:44.448794000,UTPM_execID_2019.12.25_LTCUSD_72,buyOrderID_2019.12.25_LTCUSD_72,LTCUSD,B,745177,63.0676203,buyTraderID_3,KRAKEN,CRYPTO,,,,,
new,2019.12.25D11:10:56.442979500,UTPM_execID_2019.12.25_LTCUSD_170,buyOrderID_2019.12.25_LTCUSD_170,LTCUSD,B,496930,64.4470178,buyTraderID_2,KRAKEN,CRYPTO,,,,,
replaced,2019.12.25D11:10:56.442979500,UTPM_execID_2019.12.25_LTCUSD_170,buyOrderID_2019.12.25_LTCUSD_170,LTCUSD,B,496930,64.4470178,buyTraderID_2,KRAKEN,CRYPTO,,,,,
new,2019.12.25D11:10:56.442979500,UTPM_execID_2019.12.25_LTCUSD_170,sellOrderID_2019.12.25_LTCUSD_170,LTCUSD,S,496930,64.4470178,sellTraderID_2,KRAKEN,CRYPTO,,,,,
replaced,2019.12.25D11:10:56.442979500,UTPM_execID_2019.12.25_LTCUSD_170,sellOrderID_2019.12.25_LTCUSD_170,LTCUSD,S,496930,64.4470178,sellTraderID_2,KRAKEN,CRYPTO,,,,,
new,2019.12.25D11:11:50.006561000,UTPM_execID_2019.12.25_LTCUSD_74,sellOrderID_2019.12.25_LTCUSD_74,LTCUSD,S,96424,62.8685834,sellTraderID_2,KRAKEN,CRYPTO,,,,,
new,2019.12.25D11:12:29.779277500,UTPM_execID_2019.12.25_LTCUSD_80,buyOrderID_2019.12.25_LTCUSD_80,LTCUSD,B,783192,63.3092187,buyTraderID_2,KRAKEN,CRYPTO,,,,,
new,2019.12.25D11:12:29.779277500,UTPM_execID_2019.12.25_LTCUSD_80,sellOrderID_2019.12.25_LTCUSD_80,LTCUSD,S,783192,63.3092187,sellTraderID_1,KRAKEN,CRYPTO,,,,,
new,2019.12.25D11:12:33.281281500,UTPM_execID_2019.12.25_LTCUSD_26,buyOrderID_2019.12.25_LTCUSD_26,LTCUSD,B,6381462,63.0914642,buyTraderID_2,KRAKEN,CRYPTO,,,,,
new,2019.12.25D11:12:33.281281500,UTPM_execID_2019.12.25_LTCUSD_26,sellOrderID_2019.12.25_LTCUSD_26,LTCUSD,S,6381462,63.0914642,sellTraderID_1,KRAKEN,CRYPTO,,,,,
new,2019.12.25D11:12:36.332621000,UTPM_execID_2019.12.25_LTCUSD_113,buyOrderID_2019.12.25_LTCUSD_113,LTCUSD,B,8805235,63.6940954,buyTraderID_1,KRAKEN,CRYPTO,,,,,
new,2019.12.25D11:12:36.332621000,UTPM_execID_2019.12.25_LTCUSD_113,sellOrderID_2019.12.25_LTCUSD_113,LTCUSD,S,8805235,63.6940954,sellTraderID_3,KRAKEN,CRYPTO,,,,,
new,2019.12.25D11:12:51.358604500,UTPM_execID_2019.12.25_LTCUSD_135,buyOrderID_2019.12.25_LTCUSD_135,LTCUSD,B,6056609,63.782841,buyTraderID_1,KRAKEN,CRYPTO,,,,,
new,2019.12.25D11:13:12.460636000,UTPM_execID_2019.12.25_LTCUSD_50,buyOrderID_2019.12.25_LTCUSD_50,LTCUSD,B,9454987,62.5571913,buyTraderID_3,KRAKEN,CRYPTO,,,,,
new,2019.12.25D11:13:12.460636000,UTPM_execID_2019.12.25_LTCUSD_50,sellOrderID_2019.12.25_LTCUSD_50,LTCUSD,S,9454987,62.5571913,sellTraderID_3,KRAKEN,CRYPTO,,,,,
new,2019.12.25D11:13:18.672693500,UTPM_execID_2019.12.25_LTCUSD_166,buyOrderID_2019.12.25_LTCUSD_166,LTCUSD,B,3790062,63.8151313,buyTraderID_2,KRAKEN,CRYPTO,,,,,
new,2019.12.25D11:13:18.672693500,UTPM_execID_2019.12.25_LTCUSD_166,sellOrderID_2019.12.25_LTCUSD_166,LTCUSD,S,3790062,63.8151313,sellTraderID_1,KRAKEN,CRYPTO,,,,,
new,2019.12.25D11:13:35.447809000,UTPM_execID_2019.12.25_LTCUSD_93,buyOrderID_2019.12.25_LTCUSD_93,LTCUSD,B,9790569,62.9960399,buyTraderID_1,KRAKEN,CRYPTO,,,,,
new,2019.12.25D11:13:35.447809000,UTPM_execID_2019.12.25_LTCUSD_93,sellOrderID_2019.12.25_LTCUSD_93,LTCUSD,S,9790569,62.9960399,sellTraderID_3,KRAKEN,CRYPTO,,,,,
new,2019.12.25D11:14:22.748810000,UTPM_execID_2019.12.25_LTCUSD_110,buyOrderID_2019.12.25_LTCUSD_110,LTCUSD,B,8373207,63.8372665,buyTraderID_3,KRAKEN,CRYPTO,,,,,
new,2019.12.25D11:14:22.748810000,UTPM_execID_2019.12.25_LTCUSD_110,sellOrderID_2019.12.25_LTCUSD_110,LTCUSD,S,8373207,63.8372665,sellTraderID_3,KRAKEN,CRYPTO,,,,,
new,2019.12.25D11:14:23.220693500,UTPM_execID_2019.12.25_LTCUSD_151,buyOrderID_2019.12.25_LTCUSD_151,LTCUSD,B,6311834,64.2721885,buyTraderID_2,KRAKEN,CRYPTO,,,,,
new,2019.12.25D11:14:23.220693500,UTPM_execID_2019.12.25_LTCUSD_151,sellOrderID_2019.12.25_LTCUSD_151,LTCUSD,S,6311834,64.2721885,sellTraderID_2,KRAKEN,CRYPTO,,,,,
new,2019.12.25D11:14:27.466011500,UTPM_execID_2019.12.25_LTCUSD_84,buyOrderID_2019.12.25_LTCUSD_84,LTCUSD,B,7743760,63.2919993,buyTraderID_3,KRAKEN,CRYPTO,,,,,
new,2019.12.25D11:14:27.466011500,UTPM_execID_2019.12.25_LTCUSD_84,sellOrderID_2019.12.25_LTCUSD_84,LTCUSD,S,7743760,63.2919993,sellTraderID_2,KRAKEN,CRYPTO,,,,,
new,2019.12.25D11:16:13.882651500,UTPM_execID_2019.12.25_LTCUSD_123,buyOrderID_2019.12.25_LTCUSD_123,LTCUSD,B,8760296,63.2771259,buyTraderID_2,KRAKEN,CRYPTO,,,,,
replaced,2019.12.25D11:16:13.882651500,UTPM_execID_2019.12.25_LTCUSD_123,buyOrderID_2019.12.25_LTCUSD_123,LTCUSD,B,8760296,63.2771259,buyTraderID_2,KRAKEN,CRYPTO,,,,,
new,2019.12.25D11:16:13.882651500,UTPM_execID_2019.12.25_LTCUSD_123,sellOrderID_2019.12.25_LTCUSD_123,LTCUSD,S,8760296,63.2771259,sellTraderID_1,KRAKEN,CRYPTO,,,,,
replaced,2019.12.25D11:16:13.882651500,UTPM_execID_2019.12.25_LTCUSD_123,sellOrderID_2019.12.25_LTCUSD_123,LTCUSD,S,8760296,63.2771259,sellTraderID_1,KRAKEN,CRYPTO,,,,,
new,2019.12.25D11:16:24.935649500,UTPM_execID_2019.12.25_LTCUSD_117,buyOrderID_2019.12.25_LTCUSD_117,LTCUSD,B,3862907,63.5031404,buyTraderID_2,KRAKEN,CRYPTO,,,,,
new,2019.12.25D11:16:24.935649500,UTPM_execID_2019.12.25_LTCUSD_117,sellOrderID_2019.12.25_LTCUSD_117,LTCUSD,S,3862907,63.5031404,sellTraderID_2,KRAKEN,CRYPTO,,,,,
new,2019.12.25D11:17:26.105885000,UTPM_execID_2019.12.25_LTCUSD_144,buyOrderID_2019.12.25_LTCUSD_144,LTCUSD,B,2298656,64.4232719,buyTraderID_3,KRAKEN,CRYPTO,,,,,
new,2019.12.25D11:17:26.105885000,UTPM_execID_2019.12.25_LTCUSD_144,sellOrderID_2019.12.25_LTCUSD_144,LTCUSD,S,2298656,64.4232719,sellTraderID_3,KRAKEN,CRYPTO,,,,,
new,2019.12.25D11:17:49.604497500,UTPM_execID_2019.12.25_LTCUSD_171,buyOrderID_2019.12.25_LTCUSD_171,LTCUSD,B,2512693,64.4932981,buyTraderID_3,KRAKEN,CRYPTO,,,,,
new,2019.12.25D11:17:49.604497500,UTPM_execID_2019.12.25_LTCUSD_171,sellOrderID_2019.12.25_LTCUSD_171,LTCUSD,S,2512693,64.4932981,sellTraderID_3,KRAKEN,CRYPTO,,,,,
new,2019.12.25D11:17:57.963777000,UTPM_execID_2019.12.25_LTCUSD_120,buyOrderID_2019.12.25_LTCUSD_120,LTCUSD,B,2039657,63.435594,buyTraderID_2,KRAKEN,CRYPTO,,,,,
new,2019.12.25D11:17:57.963777000,UTPM_execID_2019.12.25_LTCUSD_120,sellOrderID_2019.12.25_LTCUSD_120,LTCUSD,S,2039657,63.435594,sellTraderID_3,KRAKEN,CRYPTO,,,,,
new,2019.12.25D11:18:10.927304500,UTPM_execID_2019.12.25_LTCUSD_24,buyOrderID_2019.12.25_LTCUSD_24,LTCUSD,B,1495805,63.2697676,buyTraderID_1,KRAKEN,CRYPTO,,,,,
new,2019.12.25D11:18:10.927304500,UTPM_execID_2019.12.25_LTCUSD_24,sellOrderID_2019.12.25_LTCUSD_24,LTCUSD,S,1495805,63.2697676,sellTraderID_2,KRAKEN,CRYPTO,,,,,
new,2019.12.25D11:18:33.110058500,UTPM_execID_2019.12.25_LTCUSD_122,sellOrderID_2019.12.25_LTCUSD_122,LTCUSD,S,515854,63.3738546,sellTraderID_3,KRAKEN,CRYPTO,,,,,
new,2019.12.25D11:18:36.298623000,UTPM_execID_2019.12.25_LTCUSD_17,buyOrderID_2019.12.25_LTCUSD_17,LTCUSD,B,2969611,62.8090213,buyTraderID_1,KRAKEN,CRYPTO,,,,,
new,2019.12.25D11:18:36.298623000,UTPM_execID_2019.12.25_LTCUSD_17,sellOrderID_2019.12.25_LTCUSD_17,LTCUSD,S,2969611,62.8090213,sellTraderID_2,KRAKEN,CRYPTO,,,,,
new,2019.12.25D11:19:00.944216500,UTPM_execID_2019.12.25_LTCUSD_97,buyOrderID_2019.12.25_LTCUSD_97,LTCUSD,B,2450729,63.3409864,buyTraderID_1,KRAKEN,CRYPTO,,,,,
new,2019.12.25D11:19:00.944216500,UTPM_execID_2019.12.25_LTCUSD_97,sellOrderID_2019.12.25_LTCUSD_97,LTCUSD,S,2450729,63.3409864,sellTraderID_1,KRAKEN,CRYPTO,,,,,
new,2019.12.25D11:19:19.059445500,UTPM_execID_2019.12.25_LTCUSD_178,buyOrderID_2019.12.25_LTCUSD_178,LTCUSD,B,7717807,64.6783174,buyTraderID_2,KRAKEN,CRYPTO,,,,,
new,2019.12.25D11:19:19.059445500,UTPM_execID_2019.12.25_LTCUSD_178,sellOrderID_2019.12.25_LTCUSD_178,LTCUSD,S,7717807,64.6783174,sellTraderID_2,KRAKEN,CRYPTO,,,,,
new,2019.12.25D11:19:55.759642000,UTPM_execID_2019.12.25_LTCUSD_42,sellOrderID_2019.12.25_LTCUSD_42,LTCUSD,S,5733750,62.7380985,sellTraderID_2,KRAKEN,CRYPTO,,,,,
new,2019.12.25D11:20:37.532554500,UTPM_execID_2019.12.25_LTCUSD_41,buyOrderID_2019.12.25_LTCUSD_41,LTCUSD,B,6345157,62.6755908,buyTraderID_3,KRAKEN,CRYPTO,,,,,
replaced,2019.12.25D11:20:37.532554500,UTPM_execID_2019.12.25_LTCUSD_41,buyOrderID_2019.12.25_LTCUSD_41,LTCUSD,B,6345157,62.6755908,buyTraderID_3,KRAKEN,CRYPTO,,,,,
new,2019.12.25D11:20:37.532554500,UTPM_execID_2019.12.25_LTCUSD_41,sellOrderID_2019.12.25_LTCUSD_41,LTCUSD,S,6345157,62.6755908,sellTraderID_3,KRAKEN,CRYPTO,,,,,
replaced,2019.12.25D11:20:37.532554500,UTPM_execID_2019.12.25_LTCUSD_41,sellOrderID_2019.12.25_LTCUSD_41,LTCUSD,S,6345157,62.6755908,sellTraderID_3,KRAKEN,CRYPTO,,,,,
new,2019.12.25D11:21:00.706051000,UTPM_execID_2019.12.25_LTCUSD_109,buyOrderID_2019.12.25_LTCUSD_109,LTCUSD,B,7059588,63.6296294,buyTraderID_2,KRAKEN,CRYPTO,,,,,
new,2019.12.25D11:21:00.706051000,UTPM_execID_2019.12.25_LTCUSD_109,sellOrderID_2019.12.25_LTCUSD_109,LTCUSD,S,7059588,63.6296294,sellTraderID_3,KRAKEN,CRYPTO,,,,,
new,2019.12.25D11:21:17.102530000,UTPM_execID_2019.12.25_LTCUSD_155,buyOrderID_2019.12.25_LTCUSD_155,LTCUSD,B,8792689,63.7433744,buyTraderID_3,KRAKEN,CRYPTO,,,,,
new,2019.12.25D11:21:17.102530000,UTPM_execID_2019.12.25_LTCUSD_155,sellOrderID_2019.12.25_LTCUSD_155,LTCUSD,S,8792689,63.7433744,sellTraderID_2,KRAKEN,CRYPTO,,,,,
new,2019.12.25D11:21:37.270139000,UTPM_execID_2019.12.25_LTCUSD_36,buyOrderID_2019.12.25_LTCUSD_36,LTCUSD,B,6671601,63.1254067,buyTraderID_1,KRAKEN,CRYPTO,,,,,
new,2019.12.25D11:21:37.270139000,UTPM_execID_2019.12.25_LTCUSD_36,sellOrderID_2019.12.25_LTCUSD_36,LTCUSD,S,6671601,63.1254067,sellTraderID_3,KRAKEN,CRYPTO,,,,,
new,2019.12.25D11:21:39.391813500,UTPM_execID_2019.12.25_LTCUSD_5,buyOrderID_2019.12.25_LTCUSD_5,LTCUSD,B,5158609,63.1701966,buyTraderID_1,KRAKEN,CRYPTO,,,,,
replaced,2019.12.25D11:21:39.391813500,UTPM_execID_2019.12.25_LTCUSD_5,buyOrderID_2019.12.25_LTCUSD_5,LTCUSD,B,5158609,63.1701966,buyTraderID_1,KRAKEN,CRYPTO,,,,,
new,2019.12.25D11:21:39.391813500,UTPM_execID_2019.12.25_LTCUSD_5,sellOrderID_2019.12.25_LTCUSD_5,LTCUSD,S,5158609,63.1701966,sellTraderID_2,KRAKEN,CRYPTO,,,,,
replaced,2019.12.25D11:21:39.391813500,UTPM_execID_2019.12.25_LTCUSD_5,sellOrderID_2019.12.25_LTCUSD_5,LTCUSD,S,5158609,63.1701966,sellTraderID_2,KRAKEN,CRYPTO,,,,,
new,2019.12.25D11:22:13.405441500,UTPM_execID_2019.12.25_LTCUSD_128,buyOrderID_2019.12.25_LTCUSD_128,LTCUSD,B,2034026,63.3988769,buyTraderID_2,KRAKEN,CRYPTO,,,,,
new,2019.12.25D11:22:13.405441500,UTPM_execID_2019.12.25_LTCUSD_128,sellOrderID_2019.12.25_LTCUSD_128,LTCUSD,S,2034026,63.3988769,sellTraderID_2,KRAKEN,CRYPTO,,,,,
new,2019.12.25D11:22:17.366096000,UTPM_execID_2019.12.25_LTCUSD_86,buyOrderID_2019.12.25_LTCUSD_86,LTCUSD,B,5935993,62.9520314,buyTraderID_3,KRAKEN,CRYPTO,,,,,
new,2019.12.25D11:22:17.366096000,UTPM_execID_2019.12.25_LTCUSD_86,sellOrderID_2019.12.25_LTCUSD_86,LTCUSD,S,5935993,62.9520314,sellTraderID_2,KRAKEN,CRYPTO,,,,,
new,2019.12.25D11:23:11.029211000,UTPM_execID_2019.12.25_LTCUSD_57,buyOrderID_2019.12.25_LTCUSD_57,LTCUSD,B,4958579,62.7264048,buyTraderID_2,KRAKEN,CRYPTO,,,,,
new,2019.12.25D11:23:11.029211000,UTPM_execID_2019.12.25_LTCUSD_57,sellOrderID_2019.12.25_LTCUSD_57,LTCUSD,S,4958579,62.7264048,sellTraderID_3,KRAKEN,CRYPTO,,,,,
new,2019.12.25D11:24:45.773036000,UTPM_execID_2019.12.25_LTCUSD_38,buyOrderID_2019.12.25_LTCUSD_38,LTCUSD,B,4190986,62.8211115,buyTraderID_1,KRAKEN,CRYPTO,,,,,
replaced,2019.12.25D11:24:45.773036000,UTPM_execID_2019.12.25_LTCUSD_38,buyOrderID_2019.12.25_LTCUSD_38,LTCUSD,B,4190986,62.8211115,buyTraderID_1,KRAKEN,CRYPTO,,,,,
new,2019.12.25D11:24:45.773036000,UTPM_execID_2019.12.25_LTCUSD_38,sellOrderID_2019.12.25_LTCUSD_38,LTCUSD,S,4190986,62.8211115,sellTraderID_1,KRAKEN,CRYPTO,,,,,
replaced,2019.12.25D11:24:45.773036000,UTPM_execID_2019.12.25_LTCUSD_38,sellOrderID_2019.12.25_LTCUSD_38,LTCUSD,S,4190986,62.8211115,sellTraderID_1,KRAKEN,CRYPTO,,,,,
new,2019.12.25D11:25:03.906140000,UTPM_execID_2019.12.25_LTCUSD_56,buyOrderID_2019.12.25_LTCUSD_56,LTCUSD,B,9422258,62.5607834,buyTraderID_3,KRAKEN,CRYPTO,,,,,
new,2019.12.25D11:25:03.906140000,UTPM_execID_2019.12.25_LTCUSD_56,sellOrderID_2019.12.25_LTCUSD_56,LTCUSD,S,9422258,62.5607834,sellTraderID_3,KRAKEN,CRYPTO,,,,,
new,2019.12.25D11:25:22.578453000,UTPM_execID_2019.12.25_LTCUSD_47,buyOrderID_2019.12.25_LTCUSD_47,LTCUSD,B,4596767,62.788674,buyTraderID_3,KRAKEN,CRYPTO,,,,,
new,2019.12.25D11:25:22.578453000,UTPM_execID_2019.12.25_LTCUSD_47,sellOrderID_2019.12.25_LTCUSD_47,LTCUSD,S,4596767,62.788674,sellTraderID_3,KRAKEN,CRYPTO,,,,,
