eventType,eventTimestamp,orderID,instrumentID,side,quantity,price,trader,leavesQuantity,assetClass
new,2019.12.31D20:30:29.002000000,SPG-Oid1,USM6,S,100,165.875,REF_FDTrader88,100,COMM_EXCH
cancelled,2019.12.31D20:30:29.003000000,SPG-Oid1,USM6,S,100,165.875,REF_FDTrader88,100,COMM_EXCH
new,2019.12.31D20:30:49.002000000,SPG-Oid2,USM6,S,100,165.875,REF_FDTrader88,100,COMM_EXCH
cancelled,2019.12.31D20:30:49.003000000,SPG-Oid2,USM6,S,100,165.875,REF_FDTrader88,100,COMM_EXCH
new,2019.12.31D20:31:09.002000000,SPG-Oid3,USM6,S,100,165.875,REF_FDTrader88,100,COMM_EXCH
cancelled,2019.12.31D20:31:09.002000000,SPG-Oid3,USM6,S,100,165.875,REF_FDTrader88,100,COMM_EXCH
new,2019.12.31D21:00:29.002000000,SPG-Oid4,USM6,S,100,165.875,REF_FDTrader88,100,COMM_EXCH
cancelled,2019.12.31D21:00:29.002000000,SPG-Oid4,USM6,S,100,165.875,REF_FDTrader88,100,COMM_EXCH
new,2019.12.31D21:00:49.002000000,SPG-Oid5,USM6,S,100,165.875,REF_FDTrader88,100,COMM_EXCH
cancelled,2019.12.31D21:00:49.002000000,SPG-Oid5,USM6,S,100,165.875,REF_FDTrader88,100,COMM_EXCH
new,2019.12.31D21:01:09.002000000,SPG-Oid6,USM6,S,100,165.875,REF_FDTrader88,100,COMM_EXCH
cancelled,2019.12.31D21:01:09.002000000,SPG-Oid6,USM6,S,100,165.875,REF_FDTrader88,100,COMM_EXCH
new,2019.12.31D21:30:29.002000000,SPG-Oid7,USM6,S,100,165.875,REF_FDTrader88,100,COMM_EXCH
cancelled,2019.12.31D21:30:29.002000000,SPG-Oid7,USM6,S,100,165.875,REF_FDTrader88,100,COMM_EXCH
new,2019.12.31D21:30:49.002000000,SPG-Oid8,USM6,S,100,165.875,REF_FDTrader88,100,COMM_EXCH
cancelled,2019.12.31D21:30:49.002000000,SPG-Oid8,USM6,S,100,165.875,REF_FDTrader88,100,COMM_EXCH
new,2019.12.31D21:31:09.002000000,SPG-Oid9,USM6,S,100,165.875,REF_FDTrader88,100,COMM_EXCH
cancelled,2019.12.31D21:31:09.002000000,SPG-Oid9,USM6,S,100,165.875,REF_FDTrader88,100,COMM_EXCH
new,2019.12.31D22:00:00.000000000,SPG-Oid16,XYZ_LQTest,S,10000,165.875,REF_FDTrader88,10000,COMM_EXCH
cancelled,2019.12.31D22:00:00.000000000,SPG-Oid16,XYZ_LQTest,S,10000,165.875,REF_FDTrader88,10000,COMM_EXCH
new,2019.12.31D22:00:01.000000000,SPG-Oid17,XYZ_LQTest,S,10000,165.875,REF_FDTrader88,10000,COMM_EXCH
cancelled,2019.12.31D22:00:01.000000000,SPG-Oid17,XYZ_LQTest,S,10000,165.875,REF_FDTrader88,10000,COMM_EXCH
new,2019.12.31D22:00:02.000000000,SPG-Oid18,XYZ_LQTest,S,9000,165.875,REF_FDTrader88,9000,COMM_EXCH
partiallyFilled,2019.12.31D22:00:02.000000000,SPG-Oid18,XYZ_LQTest,S,9000,165.875,REF_FDTrader88,9000,COMM_EXCH
cancelled,2019.12.31D22:00:02.000000000,SPG-Oid18,XYZ_LQTest,S,9000,165.875,REF_FDTrader88,9000,COMM_EXCH
new,2019.12.31D22:10:00.000000000,SPG-Oid19,XYZ_WJTest,S,10000,165.875,REF_FDTrader88,10000,COMM_EXCH
cancelled,2019.12.31D22:10:00.000000000,SPG-Oid19,XYZ_WJTest,S,10000,165.875,REF_FDTrader88,10000,COMM_EXCH
new,2019.12.31D22:10:00.000000000,SPG-Oid20,XYZ_WJTest,S,10000,165.875,REF_FDTrader88,10000,COMM_EXCH
cancelled,2019.12.31D22:10:00.000000000,SPG-Oid20,XYZ_WJTest,S,10000,165.875,REF_FDTrader88,10000,COMM_EXCH
new,2019.12.31D22:10:00.000000000,SPG-Oid21,XYZ_WJTest,S,10000,165.875,REF_FDTrader88,10000,COMM_EXCH
cancelled,2019.12.31D22:10:00.000000000,SPG-Oid21,XYZ_WJTest,S,10000,165.875,REF_FDTrader88,10000,COMM_EXCH
new,2019.12.31D22:10:00.000000000,SPG-Oid22,XYZ_WJTest,S,10000,165.875,REF_FDTrader88,10000,COMM_EXCH
cancelled,2019.12.31D22:10:00.000000000,SPG-Oid22,XYZ_WJTest,S,10000,165.875,REF_FDTrader88,10000,COMM_EXCH
new,2019.12.31D22:10:00.000000000,SPG-Oid23,XYZ_WJTest,S,10000,165.875,REF_FDTrader88,10000,COMM_EXCH
cancelled,2019.12.31D22:10:00.000000000,SPG-Oid23,XYZ_WJTest,S,10000,165.875,REF_FDTrader88,10000,COMM_EXCH
new,2019.12.31D22:10:00.000000000,SPG-Oid24,XYZ_WJTest,S,10000,165.875,REF_FDTrader88,10000,COMM_EXCH
cancelled,2019.12.31D22:10:00.000000000,SPG-Oid24,XYZ_WJTest,S,10000,165.875,REF_FDTrader88,10000,COMM_EXCH
new,2019.12.31D12:00:00.000000000,SPG-Oid10,XYZ_spoofingSym,S,1000,1.25,SpoofingTrader,1000,COMM_EXCH
new,2019.12.31D12:00:01.000000000,SPG-Oid11,XYZ_spoofingSym,S,1100,1.25,SpoofingTrader,1100,COMM_EXCH
new,2019.12.31D12:00:04.000000000,SPG-Oid12,XYZ_spoofingSym,S,1200,1.25,SpoofingTrader,1200,COMM_EXCH
cancelled,2019.12.31D12:00:05.000000000,SPG-Oid10,XYZ_spoofingSym,S,1000,1.25,SpoofingTrader,1000,COMM_EXCH
new,2019.12.31D12:00:05.000000000,SPG-Oid13,XYZ_spoofingSym,S,1300,1.25,SpoofingTrader,1300,COMM_EXCH
cancelled,2019.12.31D12:00:10.000000000,SPG-Oid12,XYZ_spoofingSym,S,1200,1.25,SpoofingTrader,1200,COMM_EXCH
cancelled,2019.12.31D12:00:11.000000000,SPG-Oid11,XYZ_spoofingSym,S,1100,1.25,SpoofingTrader,1100,COMM_EXCH
cancelled,2019.12.31D12:00:20.000000000,SPG-Oid13,XYZ_spoofingSym,S,1300,1.25,SpoofingTrader,1300,COMM_EXCH
new,2019.12.31D11:00:57.153000000,SPG-Oid14,prod_UCX6,S,25,3147.5,1361461,25,COMM_EXCH
new,2019.12.31D11:01:06.413000000,SPG-Oid15,prod_UCX6,S,25,3145.5,1361461,25,COMM_EXCH
cancelled,2019.12.31D11:24:31.895000000,SPG-Oid15,prod_UCX6,S,25,3145.5,1361461,25,COMM_EXCH
cancelled,2019.12.31D11:24:32.455000000,SPG-Oid14,prod_UCX6,S,25,3147.5,1361461,25,COMM_EXCH
new,2019.12.31D14:30:33.841372000,SPG_NYSE_oid1736356,KO.N,B,14,56.2,NYSE_trader1736356,14,EQUITIES_EXCH
new,2019.12.31D14:30:33.893436503,SPG_NYSE_oid1736390,KO.N,S,16,56.22,NYSE_trader1736390,16,EQUITIES_EXCH
new,2019.12.31D14:30:35.017457753,SPG_NYSE_oid1736561,KO.N,B,12,56.22,NYSE_trader1736561,12,EQUITIES_EXCH
new,2019.12.31D14:30:35.069298047,SPG_NYSE_oid1736585,KO.N,B,17,56.23,NYSE_trader1736585,17,EQUITIES_EXCH
new,2019.12.31D14:30:36.205478090,SPG_NYSE_oid1736819,KO.N,S,488,56.25,NYSE_trader1736819,488,EQUITIES_EXCH
new,2019.12.31D14:30:36.461893723,SPG_NYSE_oid1736846,KO.N,B,16,56.24,NYSE_trader1736846,16,EQUITIES_EXCH
new,2019.12.31D14:30:38.246008486,SPG_NYSE_oid1737091,KO.N,B,48,56.24,NYSE_trader1737091,48,EQUITIES_EXCH
new,2019.12.31D14:30:38.373487037,SPG_NYSE_oid1737126,KO.N,B,13,56.24,NYSE_trader1737126,13,EQUITIES_EXCH
new,2019.12.31D14:30:39.006054555,SPG_NYSE_oid1737256,KO.N,S,205,56.25,NYSE_trader1737256,205,EQUITIES_EXCH
new,2019.12.31D14:30:39.254076801,SPG_NYSE_oid1737311,KO.N,S,180,56.25,NYSE_trader1737311,180,EQUITIES_EXCH
new,2019.12.31D14:30:39.542086668,SPG_NYSE_oid1737371,KO.N,S,131,56.25,NYSE_trader1737371,131,EQUITIES_EXCH
new,2019.12.31D14:30:40.706164090,SPG_NYSE_oid1737573,KO.N,S,105,56.25,NYSE_trader1737573,105,EQUITIES_EXCH
new,2019.12.31D14:30:42.346267137,SPG_NYSE_oid1737804,KO.N,B,14,56.24,NYSE_trader1737804,14,EQUITIES_EXCH
new,2019.12.31D14:30:44.278378195,SPG_NYSE_oid1738044,KO.N,B,14,56.24,NYSE_trader1738044,14,EQUITIES_EXCH
new,2019.12.31D14:30:44.397704344,SPG_NYSE_oid1738092,KO.N,S,49,56.24,NYSE_trader1738092,49,EQUITIES_EXCH
new,2019.12.31D14:30:44.397879344,SPG_NYSE_oid1738109,KO.N,S,28,56.24,NYSE_trader1738109,28,EQUITIES_EXCH
new,2019.12.31D14:30:44.401881873,SPG_NYSE_oid1738129,KO.N,S,18,56.24,NYSE_trader1738129,18,EQUITIES_EXCH
new,2019.12.31D14:30:44.478399707,SPG_NYSE_oid1738164,KO.N,B,16,56.23,NYSE_trader1738164,16,EQUITIES_EXCH
new,2019.12.31D14:30:44.941876034,SPG_NYSE_oid1738235,KO.N,S,59,56.25,NYSE_trader1738235,59,EQUITIES_EXCH
new,2019.12.31D14:30:45.482454484,SPG_NYSE_oid1738387,KO.N,B,13,56.23,NYSE_trader1738387,13,EQUITIES_EXCH
new,2019.12.31D14:30:49.861173565,SPG_NYSE_oid1739274,KO.N,S,56,56.25,NYSE_trader1739274,56,EQUITIES_EXCH
new,2019.12.31D14:30:50.377139004,SPG_NYSE_oid1739442,KO.N,B,18,56.24,NYSE_trader1739442,18,EQUITIES_EXCH
new,2019.12.31D14:30:50.381794333,SPG_NYSE_oid1739473,KO.N,B,16,56.24,NYSE_trader1739473,16,EQUITIES_EXCH
new,2019.12.31D14:30:54.425063116,SPG_NYSE_oid1739967,KO.N,B,26,56.25,NYSE_trader1739967,26,EQUITIES_EXCH
new,2019.12.31D14:30:55.489314791,SPG_NYSE_oid1740147,KO.N,B,20,56.26,NYSE_trader1740147,20,EQUITIES_EXCH
new,2019.12.31D14:30:56.662178541,SPG_NYSE_oid1740302,KO.N,S,14,56.29,NYSE_trader1740302,14,EQUITIES_EXCH
new,2019.12.31D14:30:58.433524584,SPG_NYSE_oid1740635,KO.N,S,30,56.29,NYSE_trader1740635,30,EQUITIES_EXCH
new,2019.12.31D14:30:59.462323398,SPG_NYSE_oid1740884,KO.N,S,15,56.27,NYSE_trader1740884,15,EQUITIES_EXCH
new,2019.12.31D14:31:03.486223221,SPG_NYSE_oid1742453,KO.N,S,27,56.26,NYSE_trader1742453,27,EQUITIES_EXCH
new,2019.12.31D14:31:11.437082057,SPG_NYSE_oid1744045,KO.N,B,32,56.25,NYSE_trader1744045,32,EQUITIES_EXCH
new,2019.12.31D14:31:12.049457019,SPG_NYSE_oid1744137,KO.N,B,28,56.26,NYSE_trader1744137,28,EQUITIES_EXCH
new,2019.12.31D14:31:13.545205213,SPG_NYSE_oid1744381,KO.N,S,16,56.28,NYSE_trader1744381,16,EQUITIES_EXCH
new,2019.12.31D14:31:14.929322483,SPG_NYSE_oid1744858,KO.N,B,20,56.27,NYSE_trader1744858,20,EQUITIES_EXCH
new,2019.12.31D14:31:18.249750944,SPG_NYSE_oid1745500,KO.N,S,15,56.28,NYSE_demoTrader,15,EQUITIES_EXCH
new,2019.12.31D14:31:18.973511542,SPG_NYSE_oid1745653,KO.N,B,14,56.27,NYSE_trader1745653,14,EQUITIES_EXCH
new,2019.12.31D14:31:19.145668555,SPG_NYSE_oid1745692,KO.N,S,13,56.28,NYSE_trader1745692,13,EQUITIES_EXCH
new,2019.12.31D14:31:21.024676457,SPG_NYSE_oid1746271,KO.N,S,12,56.29,NYSE_trader1746271,12,EQUITIES_EXCH
new,2019.12.31D14:31:22.128741950,SPG_NYSE_oid1746754,KO.N,B,32,56.27,NYSE_trader1746754,32,EQUITIES_EXCH
new,2019.12.31D14:31:28.085150078,SPG_NYSE_oid1747895,KO.N,B,18,56.28,NYSE_trader1747895,18,EQUITIES_EXCH
new,2019.12.31D14:31:28.377263601,SPG_NYSE_oid1748120,KO.N,S,12,56.27,NYSE_trader1748120,12,EQUITIES_EXCH
new,2019.12.31D14:31:28.849549643,SPG_NYSE_oid1748568,KO.N,S,12,56.26,NYSE_trader1748568,12,EQUITIES_EXCH
new,2019.12.31D14:31:29.337294670,SPG_NYSE_oid1748862,KO.N,B,17,56.24,NYSE_trader1748862,17,EQUITIES_EXCH
new,2019.12.31D14:31:29.465223517,SPG_NYSE_oid1749008,KO.N,B,27,56.24,NYSE_trader1749008,27,EQUITIES_EXCH
new,2019.12.31D14:31:33.073448962,SPG_NYSE_oid1750141,KO.N,S,12,56.24,NYSE_trader1750141,12,EQUITIES_EXCH
new,2019.12.31D14:31:36.853596675,SPG_NYSE_oid1750926,KO.N,S,28,56.22,NYSE_trader1750926,28,EQUITIES_EXCH
new,2019.12.31D14:31:39.708855347,SPG_NYSE_oid1751328,KO.N,B,19,56.21,NYSE_trader1751328,19,EQUITIES_EXCH
new,2019.12.31D14:31:43.280789111,SPG_NYSE_oid1752347,KO.N,B,11,56.2,NYSE_trader1752347,11,EQUITIES_EXCH
new,2019.12.31D14:31:49.080981692,SPG_NYSE_oid1753641,KO.N,S,13,56.23,NYSE_trader1753641,13,EQUITIES_EXCH
new,2019.12.31D14:31:49.441185127,SPG_NYSE_oid1753761,KO.N,S,16,56.19,NYSE_trader1753761,16,EQUITIES_EXCH
new,2019.12.31D14:31:49.525475610,SPG_NYSE_oid1753824,KO.N,S,14,56.21,NYSE_trader1753824,14,EQUITIES_EXCH
new,2019.12.31D14:31:50.396977241,SPG_NYSE_oid1754115,KO.N,S,12,56.21,NYSE_trader1754115,12,EQUITIES_EXCH
new,2019.12.31D14:31:54.889809105,SPG_NYSE_oid1754840,KO.N,S,15,56.19,NYSE_trader1754840,15,EQUITIES_EXCH
new,2019.12.31D14:31:55.809427878,SPG_NYSE_oid1755012,KO.N,S,14,56.18,NYSE_trader1755012,14,EQUITIES_EXCH
new,2019.12.31D14:32:02.004841857,SPG_NYSE_oid1756360,KO.N,B,12,56.17,NYSE_trader1756360,12,EQUITIES_EXCH
new,2019.12.31D14:32:07.965211844,SPG_NYSE_oid1758135,KO.N,B,18,56.18,NYSE_trader1758135,18,EQUITIES_EXCH
new,2019.12.31D14:32:08.645232837,SPG_NYSE_oid1758287,KO.N,B,39,56.17,NYSE_trader1758287,39,EQUITIES_EXCH
new,2019.12.31D14:32:08.659650172,SPG_NYSE_oid1758336,KO.N,S,13,56.17,NYSE_trader1758336,13,EQUITIES_EXCH
new,2019.12.31D14:32:10.261051726,SPG_NYSE_oid1758837,KO.N,B,31,56.16,NYSE_trader1758837,31,EQUITIES_EXCH
new,2019.12.31D14:32:14.668565023,SPG_NYSE_oid1759674,KO.N,B,32,56.16,NYSE_trader1759674,32,EQUITIES_EXCH
new,2019.12.31D14:32:15.733119148,SPG_NYSE_oid1759881,KO.N,B,27,56.16,NYSE_trader1759881,27,EQUITIES_EXCH
new,2019.12.31D14:32:16.064590122,SPG_NYSE_oid1759934,KO.N,S,11,56.18,NYSE_trader1759934,11,EQUITIES_EXCH
new,2019.12.31D14:32:17.373246277,SPG_NYSE_oid1760177,KO.N,B,16,56.17,NYSE_trader1760177,16,EQUITIES_EXCH
new,2019.12.31D14:32:23.697149631,SPG_NYSE_oid1761276,KO.N,B,17,56.18,NYSE_trader1761276,17,EQUITIES_EXCH
new,2019.12.31D14:32:29.661654359,SPG_NYSE_oid1762079,KO.N,S,21,56.19,NYSE_trader1762079,21,EQUITIES_EXCH
new,2019.12.31D14:32:30.161395539,SPG_NYSE_oid1762172,KO.N,S,14,56.17,NYSE_trader1762172,14,EQUITIES_EXCH
new,2019.12.31D14:32:36.869405810,SPG_NYSE_oid1763209,KO.N,S,25,56.18,NYSE_trader1763209,25,EQUITIES_EXCH
new,2019.12.31D14:32:42.244860995,SPG_NYSE_oid1763898,KO.N,S,24,56.16,NYSE_trader1763898,24,EQUITIES_EXCH
new,2019.12.31D14:32:42.260738869,SPG_NYSE_oid1763928,KO.N,S,14,56.16,NYSE_trader1763928,14,EQUITIES_EXCH
new,2019.12.31D14:32:43.360670111,SPG_NYSE_oid1764136,KO.N,B,11,56.14,NYSE_trader1764136,11,EQUITIES_EXCH
new,2019.12.31D14:32:44.980840301,SPG_NYSE_oid1764395,KO.N,S,15,56.16,NYSE_trader1764395,15,EQUITIES_EXCH
new,2019.12.31D14:32:47.745059265,SPG_NYSE_oid1764708,KO.N,B,17,56.14,NYSE_trader1764708,17,EQUITIES_EXCH
new,2019.12.31D14:32:49.924869411,SPG_NYSE_oid1765196,KO.N,B,30,56.15,NYSE_trader1765196,30,EQUITIES_EXCH
new,2019.12.31D14:32:49.980241088,SPG_NYSE_oid1765221,KO.N,S,14,56.17,NYSE_trader1765221,14,EQUITIES_EXCH
new,2019.12.31D14:32:51.865366252,SPG_NYSE_oid1765527,KO.N,B,25,56.14,NYSE_trader1765527,25,EQUITIES_EXCH
new,2019.12.31D14:32:54.088540928,SPG_NYSE_oid1765928,KO.N,B,16,56.16,NYSE_trader1765928,16,EQUITIES_EXCH
new,2019.12.31D14:32:56.048637341,SPG_NYSE_oid1766251,KO.N,B,33,56.15,NYSE_trader1766251,33,EQUITIES_EXCH
new,2019.12.31D14:32:59.736828047,SPG_NYSE_oid1766905,KO.N,B,17,56.15,NYSE_demoTrader,17,EQUITIES_EXCH
new,2019.12.31D14:33:02.681019231,SPG_NYSE_oid1767576,KO.N,B,12,56.16,NYSE_trader1767576,12,EQUITIES_EXCH
new,2019.12.31D14:33:07.060295776,SPG_NYSE_oid1768411,KO.N,B,25,56.15,NYSE_trader1768411,25,EQUITIES_EXCH
new,2019.12.31D14:33:08.096372731,SPG_NYSE_oid1768607,KO.N,S,16,56.18,NYSE_trader1768607,16,EQUITIES_EXCH
new,2019.12.31D14:33:09.884490359,SPG_NYSE_oid1768957,KO.N,B,23,56.16,NYSE_trader1768957,23,EQUITIES_EXCH
new,2019.12.31D14:33:11.860377229,SPG_NYSE_oid1769366,KO.N,S,15,56.17,NYSE_trader1769366,15,EQUITIES_EXCH
new,2019.12.31D14:33:13.476727168,SPG_NYSE_oid1769627,KO.N,S,15,56.18,NYSE_trader1769627,15,EQUITIES_EXCH
new,2019.12.31D14:33:19.545087431,SPG_NYSE_oid1770742,KO.N,B,19,56.16,NYSE_trader1770742,19,EQUITIES_EXCH
new,2019.12.31D14:33:19.781118171,SPG_NYSE_oid1770789,KO.N,S,15,56.17,NYSE_trader1770789,15,EQUITIES_EXCH
new,2019.12.31D14:33:19.949110838,SPG_NYSE_oid1770891,KO.N,S,15,56.17,NYSE_trader1770891,15,EQUITIES_EXCH
new,2019.12.31D14:33:21.105185455,SPG_NYSE_oid1771163,KO.N,B,29,56.15,NYSE_trader1771163,29,EQUITIES_EXCH
new,2019.12.31D14:33:21.264623360,SPG_NYSE_oid1771219,KO.N,B,26,56.15,NYSE_trader1771219,26,EQUITIES_EXCH
new,2019.12.31D14:33:21.869236665,SPG_NYSE_oid1771458,KO.N,S,17,56.18,NYSE_trader1771458,17,EQUITIES_EXCH
new,2019.12.31D14:33:21.988729390,SPG_NYSE_oid1771480,KO.N,S,16,56.18,NYSE_trader1771480,16,EQUITIES_EXCH
new,2019.12.31D14:33:24.795743219,SPG_NYSE_oid1772051,KO.N,B,22,56.17,NYSE_trader1772051,22,EQUITIES_EXCH
new,2019.12.31D14:33:26.688268334,SPG_NYSE_oid1772423,KO.N,S,11,56.19,NYSE_trader1772423,11,EQUITIES_EXCH
new,2019.12.31D14:33:35.633083660,SPG_NYSE_oid1774157,KO.N,S,12,56.2,NYSE_trader1774157,12,EQUITIES_EXCH
new,2019.12.31D14:33:40.879585717,SPG_NYSE_oid1775175,KO.N,B,20,56.19,NYSE_trader1775175,20,EQUITIES_EXCH
new,2019.12.31D14:33:41.664018427,SPG_NYSE_oid1775376,KO.N,B,22,56.19,NYSE_trader1775376,22,EQUITIES_EXCH
new,2019.12.31D14:33:43.668630386,SPG_NYSE_oid1775619,KO.N,S,12,56.21,NYSE_trader1775619,12,EQUITIES_EXCH
new,2019.12.31D14:33:44.724052645,SPG_NYSE_oid1775783,KO.N,S,28,56.21,NYSE_trader1775783,28,EQUITIES_EXCH
new,2019.12.31D14:33:47.836211219,SPG_NYSE_oid1776258,KO.N,S,30,56.2,NYSE_trader1776258,30,EQUITIES_EXCH
new,2019.12.31D14:33:47.848841829,SPG_NYSE_oid1776278,KO.N,B,18,56.18,NYSE_trader1776278,18,EQUITIES_EXCH
new,2019.12.31D14:33:52.312688203,SPG_NYSE_oid1777511,KO.N,B,13,56.18,NYSE_trader1777511,13,EQUITIES_EXCH
new,2019.12.31D14:33:52.373160275,SPG_NYSE_oid1777540,KO.N,S,12,56.19,NYSE_trader1777540,12,EQUITIES_EXCH
new,2019.12.31D14:33:53.097192666,SPG_NYSE_oid1777696,KO.N,S,14,56.18,NYSE_trader1777696,14,EQUITIES_EXCH
new,2019.12.31D14:33:56.889420291,SPG_NYSE_oid1778475,KO.N,S,12,56.18,NYSE_trader1778475,12,EQUITIES_EXCH
new,2019.12.31D14:33:58.387773892,SPG_NYSE_oid1778715,KO.N,B,12,56.16,NYSE_trader1778715,12,EQUITIES_EXCH
new,2019.12.31D14:34:05.160216425,SPG_NYSE_oid1780700,KO.N,B,15,56.16,NYSE_demoTrader,15,EQUITIES_EXCH
new,2019.12.31D14:34:09.544187986,SPG_NYSE_oid1782337,KO.N,B,33,56.17,NYSE_trader1782337,33,EQUITIES_EXCH
new,2019.12.31D14:34:12.600954518,SPG_NYSE_oid1783087,KO.N,B,21,56.18,NYSE_trader1783087,21,EQUITIES_EXCH
new,2019.12.31D14:34:16.495576367,SPG_NYSE_oid1783874,KO.N,B,16,56.17,NYSE_trader1783874,16,EQUITIES_EXCH
new,2019.12.31D14:34:16.499459399,SPG_NYSE_oid1783889,KO.N,B,17,56.17,NYSE_trader1783889,17,EQUITIES_EXCH
new,2019.12.31D14:34:16.924002707,SPG_NYSE_oid1784012,KO.N,B,16,56.16,NYSE_trader1784012,16,EQUITIES_EXCH
new,2019.12.31D14:34:16.924063867,SPG_NYSE_oid1784027,KO.N,S,31,56.17,NYSE_trader1784027,31,EQUITIES_EXCH
new,2019.12.31D14:34:17.919585400,SPG_NYSE_oid1784259,KO.N,B,13,56.15,NYSE_trader1784259,13,EQUITIES_EXCH
new,2019.12.31D14:34:18.367808974,SPG_NYSE_oid1784341,KO.N,B,18,56.15,NYSE_trader1784341,18,EQUITIES_EXCH
new,2019.12.31D14:34:20.607898213,SPG_NYSE_oid1784783,KO.N,S,41,56.15,NYSE_trader1784783,41,EQUITIES_EXCH
new,2019.12.31D14:34:22.268027274,SPG_NYSE_oid1785177,KO.N,S,12,56.16,NYSE_trader1785177,12,EQUITIES_EXCH
new,2019.12.31D14:34:27.440094254,SPG_NYSE_oid1786073,KO.N,B,34,56.13,NYSE_trader1786073,34,EQUITIES_EXCH
new,2019.12.31D14:34:28.704222036,SPG_NYSE_oid1786385,KO.N,B,43,56.13,NYSE_trader1786385,43,EQUITIES_EXCH
new,2019.12.31D14:34:31.872574053,SPG_NYSE_oid1787030,KO.N,B,25,56.13,NYSE_trader1787030,25,EQUITIES_EXCH
new,2019.12.31D14:34:34.059822316,SPG_NYSE_oid1787621,KO.N,B,16,56.13,NYSE_trader1787621,16,EQUITIES_EXCH
new,2019.12.31D14:34:34.060071989,SPG_NYSE_oid1787644,KO.N,S,28,56.13,NYSE_trader1787644,28,EQUITIES_EXCH
new,2019.12.31D14:34:34.087731263,SPG_NYSE_oid1787687,KO.N,S,24,56.13,NYSE_trader1787687,24,EQUITIES_EXCH
new,2019.12.31D14:34:34.103301144,SPG_NYSE_oid1787729,KO.N,B,13,56.11,NYSE_trader1787729,13,EQUITIES_EXCH
new,2019.12.31D14:34:34.167822057,SPG_NYSE_oid1787764,KO.N,B,51,56.12,NYSE_trader1787764,51,EQUITIES_EXCH
new,2019.12.31D14:34:34.627463078,SPG_NYSE_oid1787873,KO.N,B,15,56.12,NYSE_trader1787873,15,EQUITIES_EXCH
new,2019.12.31D14:34:39.063851466,SPG_NYSE_oid1788828,KO.N,B,36,56.12,NYSE_trader1788828,36,EQUITIES_EXCH
new,2019.12.31D14:34:39.067643298,SPG_NYSE_oid1788848,KO.N,B,32,56.12,NYSE_trader1788848,32,EQUITIES_EXCH
new,2019.12.31D14:34:40.104067887,SPG_NYSE_oid1789075,KO.N,S,43,56.13,NYSE_trader1789075,43,EQUITIES_EXCH
new,2019.12.31D14:34:40.108121767,SPG_NYSE_oid1789093,KO.N,S,14,56.12,NYSE_trader1789093,14,EQUITIES_EXCH
new,2019.12.31D14:34:45.972133497,SPG_NYSE_oid1790239,KO.N,B,11,56.1,NYSE_trader1790239,11,EQUITIES_EXCH
new,2019.12.31D14:34:46.064187124,SPG_NYSE_oid1790286,KO.N,S,11,56.12,NYSE_trader1790286,11,EQUITIES_EXCH
new,2019.12.31D14:34:46.064329165,SPG_NYSE_oid1790305,KO.N,S,12,56.12,NYSE_demoTrader,12,EQUITIES_EXCH
new,2019.12.31D14:34:48.952283485,SPG_NYSE_oid1790705,KO.N,S,20,56.13,NYSE_demoTrader,20,EQUITIES_EXCH
new,2019.12.31D14:34:48.972275160,SPG_NYSE_oid1790722,KO.N,B,17,56.11,NYSE_trader1790722,17,EQUITIES_EXCH
new,2019.12.31D14:34:51.071780098,SPG_NYSE_oid1791374,KO.N,B,19,56.11,NYSE_trader1791374,19,EQUITIES_EXCH
new,2019.12.31D14:34:56.772139749,SPG_NYSE_oid1792524,KO.N,B,12,56.11,NYSE_trader1792524,12,EQUITIES_EXCH
new,2019.12.31D14:34:58.447970379,SPG_NYSE_oid1792836,KO.N,B,17,56.1,NYSE_trader1792836,17,EQUITIES_EXCH
new,2019.12.31D14:34:58.491708984,SPG_NYSE_oid1792863,KO.N,S,11,56.11,NYSE_trader1792863,11,EQUITIES_EXCH
new,2019.12.31D14:34:58.559774136,SPG_NYSE_oid1792898,KO.N,B,27,56.1,NYSE_trader1792898,27,EQUITIES_EXCH
new,2019.12.31D14:35:00.247992991,SPG_NYSE_oid1793303,KO.N,B,18,56.1,NYSE_trader1793303,18,EQUITIES_EXCH
new,2019.12.31D14:35:00.248251839,SPG_NYSE_oid1793320,KO.N,B,17,56.11,NYSE_trader1793320,17,EQUITIES_EXCH
new,2019.12.31D14:35:00.984066806,SPG_NYSE_oid1793683,KO.N,B,21,56.11,NYSE_trader1793683,21,EQUITIES_EXCH
new,2019.12.31D14:35:00.984126726,SPG_NYSE_oid1793701,KO.N,S,24,56.13,NYSE_trader1793701,24,EQUITIES_EXCH
new,2019.12.31D14:35:01.023998930,SPG_NYSE_oid1793728,KO.N,B,16,56.12,NYSE_trader1793728,16,EQUITIES_EXCH
new,2019.12.31D14:35:01.288032873,SPG_NYSE_oid1793858,KO.N,B,16,56.12,NYSE_trader1793858,16,EQUITIES_EXCH
new,2019.12.31D14:35:03.508045192,SPG_NYSE_oid1794381,KO.N,B,12,56.12,NYSE_trader1794381,12,EQUITIES_EXCH
new,2019.12.31D14:35:05.444516810,SPG_NYSE_oid1794703,KO.N,B,18,56.12,NYSE_trader1794703,18,EQUITIES_EXCH
new,2019.12.31D14:35:05.460672348,SPG_NYSE_oid1794747,KO.N,S,21,56.13,NYSE_trader1794747,21,EQUITIES_EXCH
new,2019.12.31D14:35:08.228850460,SPG_NYSE_oid1795349,KO.N,S,46,56.12,NYSE_trader1795349,46,EQUITIES_EXCH
new,2019.12.31D14:35:15.888163831,SPG_NYSE_oid1796856,KO.N,S,11,56.12,NYSE_trader1796856,11,EQUITIES_EXCH
new,2019.12.31D14:35:22.228742294,SPG_NYSE_oid1798179,KO.N,B,12,56.11,NYSE_trader1798179,12,EQUITIES_EXCH
new,2019.12.31D14:35:26.023404001,SPG_NYSE_oid1798733,KO.N,B,35,56.11,NYSE_trader1798733,35,EQUITIES_EXCH
new,2019.12.31D14:35:26.027457353,SPG_NYSE_oid1798750,KO.N,B,37,56.12,NYSE_trader1798750,37,EQUITIES_EXCH
new,2019.12.31D14:35:28.871095773,SPG_NYSE_oid1799181,KO.N,B,23,56.12,NYSE_trader1799181,23,EQUITIES_EXCH
new,2019.12.31D14:35:33.027718328,SPG_NYSE_oid1799649,KO.N,B,16,56.12,NYSE_trader1799649,16,EQUITIES_EXCH
new,2019.12.31D14:35:34.208433067,SPG_NYSE_oid1799768,KO.N,S,12,56.14,NYSE_trader1799768,12,EQUITIES_EXCH
new,2019.12.31D14:35:35.615528693,SPG_NYSE_oid1800258,KO.N,B,39,56.12,NYSE_trader1800258,39,EQUITIES_EXCH
new,2019.12.31D14:35:38.231745812,SPG_NYSE_oid1800804,KO.N,B,31,56.12,NYSE_trader1800804,31,EQUITIES_EXCH
new,2019.12.31D14:35:38.871787720,SPG_NYSE_oid1800948,KO.N,B,22,56.12,NYSE_trader1800948,22,EQUITIES_EXCH
new,2019.12.31D14:35:39.656020574,SPG_NYSE_oid1801173,KO.N,B,17,56.12,NYSE_trader1801173,17,EQUITIES_EXCH
new,2019.12.31D14:35:40.023838681,SPG_NYSE_oid1801266,KO.N,S,12,56.14,NYSE_trader1801266,12,EQUITIES_EXCH
new,2019.12.31D14:35:46.731249113,SPG_NYSE_oid1802996,KO.N,S,12,56.13,NYSE_trader1802996,12,EQUITIES_EXCH
new,2019.12.31D14:35:53.499730809,SPG_NYSE_oid1804046,KO.N,B,13,56.11,NYSE_trader1804046,13,EQUITIES_EXCH
new,2019.12.31D14:35:53.499833569,SPG_NYSE_oid1804061,KO.N,S,22,56.12,NYSE_trader1804061,22,EQUITIES_EXCH
new,2019.12.31D14:35:53.799741396,SPG_NYSE_oid1804184,KO.N,B,34,56.12,NYSE_trader1804184,34,EQUITIES_EXCH
new,2019.12.31D14:35:53.819689454,SPG_NYSE_oid1804201,KO.N,B,23,56.12,NYSE_trader1804201,23,EQUITIES_EXCH
new,2019.12.31D14:35:56.899714079,SPG_NYSE_oid1804844,KO.N,S,14,56.13,NYSE_trader1804844,14,EQUITIES_EXCH
new,2019.12.31D14:36:00.807152500,SPG_NYSE_oid1805645,KO.N,B,12,56.12,NYSE_trader1805645,12,EQUITIES_EXCH
new,2019.12.31D14:36:02.759309509,SPG_NYSE_oid1806088,KO.N,B,23,56.13,NYSE_trader1806088,23,EQUITIES_EXCH
new,2019.12.31D14:36:02.851067648,SPG_NYSE_oid1806108,KO.N,B,24,56.13,NYSE_trader1806108,24,EQUITIES_EXCH
new,2019.12.31D14:36:02.867018137,SPG_NYSE_oid1806129,KO.N,B,53,56.14,NYSE_trader1806129,53,EQUITIES_EXCH
new,2019.12.31D14:36:02.867305650,SPG_NYSE_oid1806149,KO.N,S,11,56.15,NYSE_trader1806149,11,EQUITIES_EXCH
new,2019.12.31D14:36:04.563445585,SPG_NYSE_oid1806904,KO.N,B,13,56.14,NYSE_trader1806904,13,EQUITIES_EXCH
new,2019.12.31D14:36:05.139301316,SPG_NYSE_oid1807065,KO.N,B,20,56.15,NYSE_trader1807065,20,EQUITIES_EXCH
new,2019.12.31D14:36:07.159550138,SPG_NYSE_oid1807403,KO.N,B,17,56.15,NYSE_trader1807403,17,EQUITIES_EXCH
new,2019.12.31D14:36:19.501965639,SPG_NYSE_oid1809665,KO.N,B,18,56.14,NYSE_trader1809665,18,EQUITIES_EXCH
new,2019.12.31D14:36:19.502123384,SPG_NYSE_oid1809680,KO.N,S,28,56.16,NYSE_trader1809680,28,EQUITIES_EXCH
new,2019.12.31D14:36:19.505304574,SPG_NYSE_oid1809701,KO.N,S,37,56.15,NYSE_trader1809701,37,EQUITIES_EXCH
new,2019.12.31D14:36:19.694969904,SPG_NYSE_oid1809798,KO.N,B,24,56.14,NYSE_trader1809798,24,EQUITIES_EXCH
new,2019.12.31D14:36:19.715308827,SPG_NYSE_oid1809828,KO.N,B,27,56.14,NYSE_trader1809828,27,EQUITIES_EXCH
new,2019.12.31D14:36:19.735306429,SPG_NYSE_oid1809856,KO.N,S,14,56.15,NYSE_trader1809856,14,EQUITIES_EXCH
new,2019.12.31D14:36:29.887616732,SPG_NYSE_oid1812131,KO.N,B,20,56.13,NYSE_trader1812131,20,EQUITIES_EXCH
new,2019.12.31D14:36:29.887768756,SPG_NYSE_oid1812149,KO.N,B,20,56.13,NYSE_trader1812149,20,EQUITIES_EXCH
new,2019.12.31D14:36:29.947752315,SPG_NYSE_oid1812183,KO.N,B,23,56.13,NYSE_trader1812183,23,EQUITIES_EXCH
new,2019.12.31D14:36:30.343269313,SPG_NYSE_oid1812300,KO.N,B,26,56.13,NYSE_demoTrader,26,EQUITIES_EXCH
new,2019.12.31D14:36:32.151699183,SPG_NYSE_oid1812575,KO.N,S,15,56.14,NYSE_trader1812575,15,EQUITIES_EXCH
new,2019.12.31D14:36:32.151743199,SPG_NYSE_oid1812590,KO.N,S,17,56.13,NYSE_trader1812590,17,EQUITIES_EXCH
new,2019.12.31D14:36:33.579739888,SPG_NYSE_oid1812910,KO.N,B,17,56.13,NYSE_trader1812910,17,EQUITIES_EXCH
new,2019.12.31D14:36:33.884155173,SPG_NYSE_oid1813004,KO.N,B,25,56.13,NYSE_trader1813004,25,EQUITIES_EXCH
new,2019.12.31D14:36:36.631383767,SPG_NYSE_oid1813615,KO.N,B,17,56.13,NYSE_trader1813615,17,EQUITIES_EXCH
new,2019.12.31D14:36:43.495244702,SPG_NYSE_oid1814659,KO.N,B,17,56.14,NYSE_trader1814659,17,EQUITIES_EXCH
new,2019.12.31D14:36:48.175855549,SPG_NYSE_oid1815490,KO.N,B,21,56.14,NYSE_trader1815490,21,EQUITIES_EXCH
new,2019.12.31D14:36:49.151438550,SPG_NYSE_oid1815659,KO.N,B,36,56.14,NYSE_trader1815659,36,EQUITIES_EXCH
new,2019.12.31D14:36:49.167592664,SPG_NYSE_oid1815681,KO.N,B,22,56.14,NYSE_trader1815681,22,EQUITIES_EXCH
new,2019.12.31D14:36:49.167944889,SPG_NYSE_oid1815699,KO.N,B,18,56.14,NYSE_trader1815699,18,EQUITIES_EXCH
new,2019.12.31D14:36:50.871597624,SPG_NYSE_oid1815937,KO.N,S,12,56.15,NYSE_trader1815937,12,EQUITIES_EXCH
new,2019.12.31D14:37:00.399467208,SPG_NYSE_oid1817492,KO.N,S,14,56.15,NYSE_trader1817492,14,EQUITIES_EXCH
new,2019.12.31D14:37:00.403266112,SPG_NYSE_oid1817515,KO.N,B,20,56.13,NYSE_trader1817515,20,EQUITIES_EXCH
new,2019.12.31D14:37:00.407861538,SPG_NYSE_oid1817548,KO.N,B,17,56.13,NYSE_trader1817548,17,EQUITIES_EXCH
new,2019.12.31D14:37:02.139225733,SPG_NYSE_oid1817993,KO.N,S,13,56.14,NYSE_trader1817993,13,EQUITIES_EXCH
new,2019.12.31D14:37:02.139411629,SPG_NYSE_oid1818014,KO.N,S,13,56.15,NYSE_trader1818014,13,EQUITIES_EXCH
new,2019.12.31D14:37:02.143652678,SPG_NYSE_oid1818032,KO.N,B,17,56.13,NYSE_trader1818032,17,EQUITIES_EXCH
new,2019.12.31D14:37:02.143741702,SPG_NYSE_oid1818047,KO.N,S,20,56.14,NYSE_trader1818047,20,EQUITIES_EXCH
new,2019.12.31D14:37:02.835348814,SPG_NYSE_oid1818136,KO.N,S,40,56.14,NYSE_trader1818136,40,EQUITIES_EXCH
new,2019.12.31D14:37:02.839051286,SPG_NYSE_oid1818151,KO.N,S,21,56.13,NYSE_trader1818151,21,EQUITIES_EXCH
new,2019.12.31D14:37:05.995450175,SPG_NYSE_oid1818968,KO.N,S,23,56.13,NYSE_trader1818968,23,EQUITIES_EXCH
new,2019.12.31D14:37:05.995748224,SPG_NYSE_oid1818983,KO.N,B,13,56.11,NYSE_trader1818983,13,EQUITIES_EXCH
new,2019.12.31D14:37:06.743293662,SPG_NYSE_oid1819078,KO.N,S,11,56.12,NYSE_trader1819078,11,EQUITIES_EXCH
new,2019.12.31D14:37:06.743506014,SPG_NYSE_oid1819093,KO.N,S,45,56.11,NYSE_trader1819093,45,EQUITIES_EXCH
new,2019.12.31D14:37:12.599131303,SPG_NYSE_oid1820502,KO.N,B,11,56.1,NYSE_trader1820502,11,EQUITIES_EXCH
new,2019.12.31D14:37:34.894769301,SPG_NYSE_oid1824569,KO.N,S,11,56.11,NYSE_trader1824569,11,EQUITIES_EXCH
new,2019.12.31D14:37:35.374952614,SPG_NYSE_oid1824643,KO.N,S,11,56.1,NYSE_trader1824643,11,EQUITIES_EXCH
new,2019.12.31D14:37:43.883560061,SPG_NYSE_oid1825897,KO.N,B,11,56.09,NYSE_trader1825897,11,EQUITIES_EXCH
new,2019.12.31D14:37:48.918859984,SPG_NYSE_oid1826394,KO.N,B,12,56.08,NYSE_trader1826394,12,EQUITIES_EXCH
new,2019.12.31D14:37:52.075078557,SPG_NYSE_oid1826984,KO.N,S,21,56.09,NYSE_trader1826984,21,EQUITIES_EXCH
new,2019.12.31D14:37:56.306858758,SPG_NYSE_oid1827468,KO.N,B,18,56.08,NYSE_trader1827468,18,EQUITIES_EXCH
new,2019.12.31D14:37:56.791354033,SPG_NYSE_oid1827585,KO.N,S,28,56.09,NYSE_trader1827585,28,EQUITIES_EXCH
new,2019.12.31D14:38:02.511221672,SPG_NYSE_oid1828369,KO.N,S,27,56.09,NYSE_trader1828369,27,EQUITIES_EXCH
new,2019.12.31D14:38:04.594190120,SPG_NYSE_oid1828653,KO.N,B,12,56.07,NYSE_trader1828653,12,EQUITIES_EXCH
new,2019.12.31D14:38:04.626858870,SPG_NYSE_oid1828669,KO.N,S,14,56.08,NYSE_trader1828669,14,EQUITIES_EXCH
new,2019.12.31D14:38:06.638406367,SPG_NYSE_oid1829044,KO.N,B,11,56.06,NYSE_trader1829044,11,EQUITIES_EXCH
new,2019.12.31D14:38:06.638515855,SPG_NYSE_oid1829060,KO.N,S,20,56.07,NYSE_trader1829060,20,EQUITIES_EXCH
new,2019.12.31D14:38:08.759166776,SPG_NYSE_oid1829310,KO.N,S,13,56.07,NYSE_trader1829310,13,EQUITIES_EXCH
new,2019.12.31D14:38:18.147432345,SPG_NYSE_oid1830731,KO.N,B,11,56.05,NYSE_trader1830731,11,EQUITIES_EXCH
new,2019.12.31D14:38:18.151717346,SPG_NYSE_oid1830747,KO.N,B,16,56.05,NYSE_trader1830747,16,EQUITIES_EXCH
new,2019.12.31D14:38:23.923043855,SPG_NYSE_oid1831575,KO.N,S,17,56.06,NYSE_trader1831575,17,EQUITIES_EXCH
new,2019.12.31D14:38:30.126765176,SPG_NYSE_oid1832423,KO.N,B,15,56.05,NYSE_trader1832423,15,EQUITIES_EXCH
new,2019.12.31D14:38:30.822517177,SPG_NYSE_oid1832555,KO.N,S,14,56.06,NYSE_trader1832555,14,EQUITIES_EXCH
new,2019.12.31D14:38:34.887314796,SPG_NYSE_oid1833284,KO.N,S,13,56.06,NYSE_trader1833284,13,EQUITIES_EXCH
new,2019.12.31D14:38:40.438052576,SPG_NYSE_oid1834607,KO.N,S,12,56.06,NYSE_trader1834607,12,EQUITIES_EXCH
new,2019.12.31D14:38:40.442212297,SPG_NYSE_oid1834631,KO.N,S,12,56.07,NYSE_trader1834631,12,EQUITIES_EXCH
new,2019.12.31D14:38:41.538183662,SPG_NYSE_oid1834902,KO.N,B,45,56.06,NYSE_trader1834902,45,EQUITIES_EXCH
new,2019.12.31D14:38:41.538294942,SPG_NYSE_oid1834922,KO.N,B,33,56.07,NYSE_trader1834922,33,EQUITIES_EXCH
new,2019.12.31D14:38:42.250325425,SPG_NYSE_oid1835099,KO.N,B,29,56.08,NYSE_trader1835099,29,EQUITIES_EXCH
new,2019.12.31D14:38:42.250462153,SPG_NYSE_oid1835116,KO.N,B,31,56.08,NYSE_trader1835116,31,EQUITIES_EXCH
new,2019.12.31D14:38:44.906618503,SPG_NYSE_oid1835987,KO.N,S,16,56.09,NYSE_trader1835987,16,EQUITIES_EXCH
new,2019.12.31D14:38:50.254696344,SPG_NYSE_oid1837467,KO.N,B,11,56.08,NYSE_trader1837467,11,EQUITIES_EXCH
new,2019.12.31D14:38:51.710428745,SPG_NYSE_oid1837867,KO.N,S,21,56.08,NYSE_trader1837867,21,EQUITIES_EXCH
new,2019.12.31D14:38:51.715362315,SPG_NYSE_oid1837886,KO.N,B,18,56.07,NYSE_trader1837886,18,EQUITIES_EXCH
new,2019.12.31D14:38:51.727797502,SPG_NYSE_oid1837912,KO.N,B,19,56.07,NYSE_trader1837912,19,EQUITIES_EXCH
new,2019.12.31D14:38:53.999585477,SPG_NYSE_oid1838465,KO.N,S,12,56.07,NYSE_trader1838465,12,EQUITIES_EXCH
new,2019.12.31D14:38:58.241946467,SPG_NYSE_oid1839783,KO.N,B,34,56.06,NYSE_trader1839783,34,EQUITIES_EXCH
new,2019.12.31D14:39:00.022276651,SPG_NYSE_oid1840056,KO.N,B,35,56.07,NYSE_trader1840056,35,EQUITIES_EXCH
new,2019.12.31D14:39:00.322303678,SPG_NYSE_oid1840121,KO.N,S,32,56.08,NYSE_trader1840121,32,EQUITIES_EXCH
new,2019.12.31D14:39:02.194275221,SPG_NYSE_oid1840415,KO.N,B,27,56.07,NYSE_trader1840415,27,EQUITIES_EXCH
new,2019.12.31D14:39:02.194431445,SPG_NYSE_oid1840435,KO.N,B,37,56.08,NYSE_trader1840435,37,EQUITIES_EXCH
new,2019.12.31D14:39:02.226441449,SPG_NYSE_oid1840450,KO.N,S,14,56.09,NYSE_trader1840450,14,EQUITIES_EXCH
new,2019.12.31D14:39:05.926699290,SPG_NYSE_oid1841162,KO.N,B,11,56.08,NYSE_trader1841162,11,EQUITIES_EXCH
new,2019.12.31D14:39:08.174890628,SPG_NYSE_oid1841514,KO.N,S,11,56.09,NYSE_trader1841514,11,EQUITIES_EXCH
new,2019.12.31D14:39:08.194836335,SPG_NYSE_oid1841532,KO.N,B,21,56.07,NYSE_trader1841532,21,EQUITIES_EXCH
new,2019.12.31D14:39:08.546858912,SPG_NYSE_oid1841628,KO.N,B,21,56.07,NYSE_trader1841628,21,EQUITIES_EXCH
new,2019.12.31D14:39:17.353774210,SPG_NYSE_oid1842701,KO.N,S,15,56.08,NYSE_trader1842701,15,EQUITIES_EXCH
new,2019.12.31D14:39:21.478220317,SPG_NYSE_oid1843217,KO.N,S,24,56.08,NYSE_trader1843217,24,EQUITIES_EXCH
new,2019.12.31D14:39:22.882354864,SPG_NYSE_oid1843430,KO.N,B,12,56.07,NYSE_trader1843430,12,EQUITIES_EXCH
new,2019.12.31D14:39:28.323439368,SPG_NYSE_oid1844275,KO.N,B,22,56.06,NYSE_trader1844275,22,EQUITIES_EXCH
new,2019.12.31D14:39:28.331207456,SPG_NYSE_oid1844301,KO.N,S,17,56.07,NYSE_trader1844301,17,EQUITIES_EXCH
new,2019.12.31D14:39:28.902419537,SPG_NYSE_oid1844485,KO.N,S,20,56.07,NYSE_trader1844485,20,EQUITIES_EXCH
new,2019.12.31D14:39:28.922854676,SPG_NYSE_oid1844505,KO.N,B,16,56.06,NYSE_demoTrader,16,EQUITIES_EXCH
new,2019.12.31D14:39:33.341963030,SPG_NYSE_oid1845160,KO.N,S,16,56.07,NYSE_trader1845160,16,EQUITIES_EXCH
new,2019.12.31D14:39:33.530423030,SPG_NYSE_oid1845230,KO.N,S,14,56.07,NYSE_trader1845230,14,EQUITIES_EXCH
new,2019.12.31D14:39:38.074067077,SPG_NYSE_oid1846195,KO.N,B,14,56.06,NYSE_trader1846195,14,EQUITIES_EXCH
new,2019.12.31D14:39:41.046869842,SPG_NYSE_oid1846685,KO.N,S,12,56.07,NYSE_trader1846685,12,EQUITIES_EXCH
new,2019.12.31D14:39:43.646558666,SPG_NYSE_oid1846993,KO.N,B,22,56.06,NYSE_trader1846993,22,EQUITIES_EXCH
new,2019.12.31D14:39:46.906520680,SPG_NYSE_oid1847401,KO.N,S,12,56.08,NYSE_trader1847401,12,EQUITIES_EXCH
new,2019.12.31D14:39:46.906659760,SPG_NYSE_oid1847422,KO.N,S,12,56.09,NYSE_trader1847422,12,EQUITIES_EXCH
new,2019.12.31D14:39:46.914869921,SPG_NYSE_oid1847443,KO.N,S,13,56.09,NYSE_trader1847443,13,EQUITIES_EXCH
new,2019.12.31D14:39:47.134938171,SPG_NYSE_oid1847523,KO.N,B,22,56.08,NYSE_trader1847523,22,EQUITIES_EXCH
new,2019.12.31D14:39:48.825799214,SPG_NYSE_oid1847682,KO.N,B,23,56.08,NYSE_trader1847682,23,EQUITIES_EXCH
new,2019.12.31D14:39:51.338498544,SPG_NYSE_oid1848177,KO.N,S,12,56.09,NYSE_trader1848177,12,EQUITIES_EXCH
new,2019.12.31D14:39:51.953895729,SPG_NYSE_oid1848295,KO.N,B,23,56.08,NYSE_trader1848295,23,EQUITIES_EXCH
new,2019.12.31D14:39:53.078021120,SPG_NYSE_oid1848382,KO.N,S,16,56.09,NYSE_trader1848382,16,EQUITIES_EXCH
new,2019.12.31D14:39:56.813859247,SPG_NYSE_oid1848711,KO.N,B,20,56.08,NYSE_trader1848711,20,EQUITIES_EXCH
new,2019.12.31D14:40:00.622612372,SPG_NYSE_oid1849148,KO.N,B,40,56.08,NYSE_trader1849148,40,EQUITIES_EXCH
new,2019.12.31D14:40:00.626616845,SPG_NYSE_oid1849170,KO.N,B,21,56.09,NYSE_trader1849170,21,EQUITIES_EXCH
new,2019.12.31D14:40:00.638760366,SPG_NYSE_oid1849192,KO.N,B,22,56.09,NYSE_trader1849192,22,EQUITIES_EXCH
new,2019.12.31D14:40:00.682566299,SPG_NYSE_oid1849220,KO.N,B,19,56.09,NYSE_trader1849220,19,EQUITIES_EXCH
new,2019.12.31D14:40:01.958118846,SPG_NYSE_oid1849672,KO.N,S,12,56.1,NYSE_trader1849672,12,EQUITIES_EXCH
new,2019.12.31D14:40:02.527204003,SPG_NYSE_oid1849772,KO.N,S,11,56.1,NYSE_trader1849772,11,EQUITIES_EXCH
new,2019.12.31D14:40:03.298832172,SPG_NYSE_oid1849983,KO.N,S,21,56.11,NYSE_trader1849983,21,EQUITIES_EXCH
new,2019.12.31D14:40:03.694973243,SPG_NYSE_oid1850092,KO.N,S,11,56.1,NYSE_trader1850092,11,EQUITIES_EXCH
new,2019.12.31D14:40:05.194457924,SPG_NYSE_oid1850298,KO.N,S,15,56.1,NYSE_trader1850298,15,EQUITIES_EXCH
new,2019.12.31D14:40:05.194583780,SPG_NYSE_oid1850314,KO.N,S,32,56.09,NYSE_trader1850314,32,EQUITIES_EXCH
new,2019.12.31D14:40:06.513748460,SPG_NYSE_oid1850531,KO.N,S,16,56.09,NYSE_trader1850531,16,EQUITIES_EXCH
new,2019.12.31D14:40:09.537518669,SPG_NYSE_oid1851054,KO.N,B,11,56.08,NYSE_trader1851054,11,EQUITIES_EXCH
new,2019.12.31D14:40:10.729689965,SPG_NYSE_oid1851664,KO.N,B,14,56.08,NYSE_trader1851664,14,EQUITIES_EXCH
new,2019.12.31D14:40:11.614805713,SPG_NYSE_oid1851909,KO.N,B,14,56.08,NYSE_trader1851909,14,EQUITIES_EXCH
new,2019.12.31D14:40:13.077970827,SPG_NYSE_oid1852365,KO.N,B,17,56.08,NYSE_trader1852365,17,EQUITIES_EXCH
new,2019.12.31D14:40:13.197859857,SPG_NYSE_oid1852456,KO.N,S,12,56.09,NYSE_trader1852456,12,EQUITIES_EXCH
new,2019.12.31D14:40:13.317917536,SPG_NYSE_oid1852489,KO.N,B,15,56.08,NYSE_trader1852489,15,EQUITIES_EXCH
new,2019.12.31D14:40:13.382429352,SPG_NYSE_oid1852520,KO.N,B,16,56.08,NYSE_trader1852520,16,EQUITIES_EXCH
new,2019.12.31D14:40:16.330045019,SPG_NYSE_oid1852992,KO.N,B,16,56.08,NYSE_trader1852992,16,EQUITIES_EXCH
new,2019.12.31D14:40:16.386557130,SPG_NYSE_oid1853025,KO.N,S,11,56.09,NYSE_trader1853025,11,EQUITIES_EXCH
new,2019.12.31D14:40:16.450000017,SPG_NYSE_oid1853050,KO.N,B,17,56.08,NYSE_trader1853050,17,EQUITIES_EXCH
new,2019.12.31D14:40:16.710629449,SPG_NYSE_oid1853132,KO.N,B,16,56.08,NYSE_trader1853132,16,EQUITIES_EXCH
new,2019.12.31D14:40:16.978097359,SPG_NYSE_oid1853204,KO.N,B,19,56.08,NYSE_trader1853204,19,EQUITIES_EXCH
new,2019.12.31D14:40:18.062192391,SPG_NYSE_oid1853434,KO.N,B,33,56.09,NYSE_trader1853434,33,EQUITIES_EXCH
new,2019.12.31D14:40:18.062275111,SPG_NYSE_oid1853449,KO.N,S,20,56.1,NYSE_trader1853449,20,EQUITIES_EXCH
new,2019.12.31D14:40:18.750197272,SPG_NYSE_oid1853765,KO.N,S,11,56.1,NYSE_trader1853765,11,EQUITIES_EXCH
new,2019.12.31D14:40:18.750442992,SPG_NYSE_oid1853787,KO.N,S,17,56.11,NYSE_trader1853787,17,EQUITIES_EXCH
new,2019.12.31D14:40:19.350226974,SPG_NYSE_oid1853949,KO.N,B,22,56.1,NYSE_trader1853949,22,EQUITIES_EXCH
new,2019.12.31D14:40:19.518242482,SPG_NYSE_oid1853992,KO.N,B,15,56.1,NYSE_trader1853992,15,EQUITIES_EXCH
new,2019.12.31D14:40:19.814487509,SPG_NYSE_oid1854063,KO.N,S,40,56.11,NYSE_trader1854063,40,EQUITIES_EXCH
new,2019.12.31D14:40:19.818327453,SPG_NYSE_oid1854078,KO.N,S,37,56.1,NYSE_trader1854078,37,EQUITIES_EXCH
new,2019.12.31D14:40:20.078378595,SPG_NYSE_oid1854166,KO.N,S,32,56.1,NYSE_trader1854166,32,EQUITIES_EXCH
new,2019.12.31D14:40:21.422718961,SPG_NYSE_oid1854539,KO.N,S,40,56.1,NYSE_trader1854539,40,EQUITIES_EXCH
new,2019.12.31D14:40:21.426444193,SPG_NYSE_oid1854555,KO.N,B,17,56.08,NYSE_trader1854555,17,EQUITIES_EXCH
new,2019.12.31D14:40:21.466458062,SPG_NYSE_oid1854574,KO.N,B,15,56.08,NYSE_trader1854574,15,EQUITIES_EXCH
new,2019.12.31D14:40:21.878386318,SPG_NYSE_oid1854741,KO.N,S,24,56.09,NYSE_trader1854741,24,EQUITIES_EXCH
new,2019.12.31D14:40:22.286435270,SPG_NYSE_oid1854868,KO.N,S,22,56.09,NYSE_trader1854868,22,EQUITIES_EXCH
new,2019.12.31D14:40:22.682894902,SPG_NYSE_oid1854975,KO.N,S,22,56.09,NYSE_trader1854975,22,EQUITIES_EXCH
new,2019.12.31D14:40:22.954467741,SPG_NYSE_oid1855028,KO.N,S,21,56.09,NYSE_trader1855028,21,EQUITIES_EXCH
new,2019.12.31D14:40:23.049493366,SPG_NYSE_oid1855055,KO.N,S,21,56.09,NYSE_trader1855055,21,EQUITIES_EXCH
new,2019.12.31D14:40:23.757558841,SPG_NYSE_oid1855204,KO.N,S,22,56.09,NYSE_trader1855204,22,EQUITIES_EXCH
new,2019.12.31D14:40:23.929407437,SPG_NYSE_oid1855251,KO.N,B,31,56.07,NYSE_trader1855251,31,EQUITIES_EXCH
new,2019.12.31D14:40:23.993556989,SPG_NYSE_oid1855280,KO.N,B,16,56.07,NYSE_trader1855280,16,EQUITIES_EXCH
new,2019.12.31D14:40:25.177623895,SPG_NYSE_oid1855468,KO.N,S,25,56.08,NYSE_trader1855468,25,EQUITIES_EXCH
new,2019.12.31D14:40:26.353558486,SPG_NYSE_oid1855628,KO.N,S,25,56.08,NYSE_trader1855628,25,EQUITIES_EXCH
new,2019.12.31D14:40:26.685735068,SPG_NYSE_oid1855768,KO.N,S,35,56.07,NYSE_trader1855768,35,EQUITIES_EXCH
new,2019.12.31D14:40:26.689523708,SPG_NYSE_oid1855785,KO.N,S,25,56.07,NYSE_trader1855785,25,EQUITIES_EXCH
new,2019.12.31D14:40:26.933730985,SPG_NYSE_oid1855907,KO.N,B,17,56.06,NYSE_trader1855907,17,EQUITIES_EXCH
new,2019.12.31D14:40:27.345762905,SPG_NYSE_oid1856039,KO.N,B,18,56.06,NYSE_trader1856039,18,EQUITIES_EXCH
new,2019.12.31D14:40:29.233886830,SPG_NYSE_oid1856245,KO.N,S,11,56.07,NYSE_trader1856245,11,EQUITIES_EXCH
new,2019.12.31D14:40:31.118011261,SPG_NYSE_oid1856489,KO.N,B,11,56.06,NYSE_trader1856489,11,EQUITIES_EXCH
new,2019.12.31D14:40:36.346159716,SPG_NYSE_oid1857215,KO.N,B,11,56.06,NYSE_trader1857215,11,EQUITIES_EXCH
new,2019.12.31D14:40:37.490419050,SPG_NYSE_oid1857443,KO.N,B,13,56.05,NYSE_trader1857443,13,EQUITIES_EXCH
new,2019.12.31D14:40:38.118339531,SPG_NYSE_oid1857497,KO.N,S,13,56.06,NYSE_trader1857497,13,EQUITIES_EXCH
new,2019.12.31D14:40:39.178516790,SPG_NYSE_oid1857586,KO.N,S,16,56.06,NYSE_trader1857586,16,EQUITIES_EXCH
new,2019.12.31D14:40:43.529224539,SPG_NYSE_oid1858044,KO.N,S,20,56.06,NYSE_trader1858044,20,EQUITIES_EXCH
new,2019.12.31D14:40:44.821822384,SPG_NYSE_oid1858185,KO.N,S,18,56.06,NYSE_trader1858185,18,EQUITIES_EXCH
new,2019.12.31D14:40:45.909517547,SPG_NYSE_oid1858330,KO.N,S,15,56.05,NYSE_trader1858330,15,EQUITIES_EXCH
new,2019.12.31D14:40:45.913639148,SPG_NYSE_oid1858354,KO.N,S,21,56.05,NYSE_trader1858354,21,EQUITIES_EXCH
new,2019.12.31D14:40:46.265760957,SPG_NYSE_oid1858452,KO.N,S,33,56.05,NYSE_trader1858452,33,EQUITIES_EXCH
new,2019.12.31D14:40:47.457966561,SPG_NYSE_oid1858608,KO.N,S,30,56.05,NYSE_trader1858608,30,EQUITIES_EXCH
new,2019.12.31D14:40:48.278061008,SPG_NYSE_oid1858693,KO.N,S,28,56.05,NYSE_trader1858693,28,EQUITIES_EXCH
new,2019.12.31D14:40:49.138105053,SPG_NYSE_oid1858823,KO.N,S,27,56.05,NYSE_trader1858823,27,EQUITIES_EXCH
new,2019.12.31D14:40:52.086303026,SPG_NYSE_oid1859099,KO.N,S,27,56.05,NYSE_trader1859099,27,EQUITIES_EXCH
new,2019.12.31D14:40:52.201313390,SPG_NYSE_oid1859139,KO.N,S,29,56.04,NYSE_trader1859139,29,EQUITIES_EXCH
new,2019.12.31D14:40:55.033910147,SPG_NYSE_oid1859602,KO.N,S,16,56.04,NYSE_trader1859602,16,EQUITIES_EXCH
new,2019.12.31D14:40:55.770158523,SPG_NYSE_oid1859754,KO.N,S,27,56.05,NYSE_trader1859754,27,EQUITIES_EXCH
new,2019.12.31D14:40:55.774056851,SPG_NYSE_oid1859770,KO.N,B,19,56.04,NYSE_trader1859770,19,EQUITIES_EXCH
new,2019.12.31D14:40:58.624976008,SPG_NYSE_oid1860201,KO.N,B,22,56.04,NYSE_trader1860201,22,EQUITIES_EXCH
new,2019.12.31D14:41:03.005342379,SPG_NYSE_oid1860692,KO.N,S,16,56.06,NYSE_trader1860692,16,EQUITIES_EXCH
new,2019.12.31D14:41:03.009371059,SPG_NYSE_oid1860712,KO.N,S,15,56.06,NYSE_trader1860712,15,EQUITIES_EXCH
new,2019.12.31D14:41:03.953528537,SPG_NYSE_oid1860821,KO.N,B,11,56.06,NYSE_trader1860821,11,EQUITIES_EXCH
new,2019.12.31D14:41:04.153724417,SPG_NYSE_oid1860869,KO.N,S,29,56.07,NYSE_trader1860869,29,EQUITIES_EXCH
new,2019.12.31D14:41:04.945394732,SPG_NYSE_oid1860937,KO.N,S,15,56.07,NYSE_trader1860937,15,EQUITIES_EXCH
new,2019.12.31D14:41:05.186122234,SPG_NYSE_oid1861031,KO.N,S,16,56.07,NYSE_trader1861031,16,EQUITIES_EXCH
new,2019.12.31D14:41:06.569476946,SPG_NYSE_oid1861335,KO.N,S,15,56.07,NYSE_trader1861335,15,EQUITIES_EXCH
new,2019.12.31D14:41:06.741642774,SPG_NYSE_oid1861403,KO.N,S,24,56.06,NYSE_trader1861403,24,EQUITIES_EXCH
new,2019.12.31D14:41:06.761542537,SPG_NYSE_oid1861431,KO.N,S,15,56.06,NYSE_trader1861431,15,EQUITIES_EXCH
new,2019.12.31D14:41:10.905830184,SPG_NYSE_oid1862287,KO.N,B,13,56.05,NYSE_trader1862287,13,EQUITIES_EXCH
new,2019.12.31D14:41:14.710389190,SPG_NYSE_oid1862879,KO.N,B,13,56.05,NYSE_trader1862879,13,EQUITIES_EXCH
new,2019.12.31D14:41:15.817753789,SPG_NYSE_oid1862985,KO.N,B,11,56.05,NYSE_trader1862985,11,EQUITIES_EXCH
new,2019.12.31D14:41:16.481192880,SPG_NYSE_oid1863060,KO.N,B,19,56.05,NYSE_trader1863060,19,EQUITIES_EXCH
new,2019.12.31D14:41:16.501027522,SPG_NYSE_oid1863086,KO.N,S,11,56.07,NYSE_trader1863086,11,EQUITIES_EXCH
new,2019.12.31D14:41:23.174216588,SPG_NYSE_oid1864392,KO.N,B,11,56.06,NYSE_trader1864392,11,EQUITIES_EXCH
new,2019.12.31D14:41:25.998103098,SPG_NYSE_oid1864748,KO.N,B,13,56.06,NYSE_trader1864748,13,EQUITIES_EXCH
new,2019.12.31D14:41:26.053763664,SPG_NYSE_oid1864786,KO.N,S,27,56.08,NYSE_trader1864786,27,EQUITIES_EXCH
new,2019.12.31D14:41:32.770835315,SPG_NYSE_oid1866306,KO.N,B,15,56.07,NYSE_trader1866306,15,EQUITIES_EXCH
new,2019.12.31D14:41:35.173990176,SPG_NYSE_oid1866729,KO.N,B,12,56.07,NYSE_trader1866729,12,EQUITIES_EXCH
new,2019.12.31D14:41:35.769084972,SPG_NYSE_oid1866813,KO.N,S,24,56.09,NYSE_trader1866813,24,EQUITIES_EXCH
new,2019.12.31D14:41:35.772992524,SPG_NYSE_oid1866829,KO.N,S,18,56.09,NYSE_trader1866829,18,EQUITIES_EXCH
new,2019.12.31D14:41:36.649047411,SPG_NYSE_oid1866984,KO.N,S,13,56.09,NYSE_trader1866984,13,EQUITIES_EXCH
new,2019.12.31D14:41:42.513421057,SPG_NYSE_oid1867542,KO.N,S,14,56.09,NYSE_trader1867542,14,EQUITIES_EXCH
new,2019.12.31D14:41:46.165393024,SPG_NYSE_oid1868398,KO.N,S,12,56.09,NYSE_trader1868398,12,EQUITIES_EXCH
new,2019.12.31D14:41:46.177642138,SPG_NYSE_oid1868416,KO.N,S,12,56.09,NYSE_trader1868416,12,EQUITIES_EXCH
new,2019.12.31D14:41:47.641711797,SPG_NYSE_oid1868774,KO.N,S,12,56.09,NYSE_trader1868774,12,EQUITIES_EXCH
new,2019.12.31D14:41:52.625080847,SPG_NYSE_oid1869717,KO.N,S,14,56.09,NYSE_trader1869717,14,EQUITIES_EXCH
new,2019.12.31D14:41:54.313181091,SPG_NYSE_oid1870055,KO.N,S,13,56.09,NYSE_trader1870055,13,EQUITIES_EXCH
new,2019.12.31D14:41:55.333243601,SPG_NYSE_oid1870210,KO.N,B,13,56.08,NYSE_trader1870210,13,EQUITIES_EXCH
new,2019.12.31D14:41:57.205241067,SPG_NYSE_oid1870737,KO.N,B,17,56.08,NYSE_trader1870737,17,EQUITIES_EXCH
new,2019.12.31D14:41:58.901471330,SPG_NYSE_oid1871084,KO.N,B,13,56.08,NYSE_trader1871084,13,EQUITIES_EXCH
new,2019.12.31D14:42:00.185534446,SPG_NYSE_oid1871317,KO.N,B,11,56.08,NYSE_trader1871317,11,EQUITIES_EXCH
new,2019.12.31D14:42:01.413778675,SPG_NYSE_oid1871553,KO.N,S,22,56.08,NYSE_trader1871553,22,EQUITIES_EXCH
new,2019.12.31D14:42:01.425336227,SPG_NYSE_oid1871585,KO.N,S,17,56.08,NYSE_trader1871585,17,EQUITIES_EXCH
new,2019.12.31D14:42:03.441769508,SPG_NYSE_oid1872098,KO.N,S,12,56.08,NYSE_trader1872098,12,EQUITIES_EXCH
new,2019.12.31D14:42:05.897912362,SPG_NYSE_oid1872508,KO.N,S,18,56.08,NYSE_trader1872508,18,EQUITIES_EXCH
new,2019.12.31D14:42:10.520878976,SPG_NYSE_oid1873218,KO.N,S,15,56.08,NYSE_trader1873218,15,EQUITIES_EXCH
new,2019.12.31D14:42:10.864839616,SPG_NYSE_oid1873277,KO.N,B,24,56.07,NYSE_trader1873277,24,EQUITIES_EXCH
new,2019.12.31D14:42:10.996889744,SPG_NYSE_oid1873341,KO.N,B,17,56.07,NYSE_trader1873341,17,EQUITIES_EXCH
new,2019.12.31D14:42:10.997147488,SPG_NYSE_oid1873359,KO.N,B,19,56.07,NYSE_trader1873359,19,EQUITIES_EXCH
new,2019.12.31D14:42:11.237215516,SPG_NYSE_oid1873431,KO.N,B,19,56.07,NYSE_trader1873431,19,EQUITIES_EXCH
new,2019.12.31D14:42:11.697240626,SPG_NYSE_oid1873458,KO.N,S,13,56.08,NYSE_trader1873458,13,EQUITIES_EXCH
new,2019.12.31D14:42:12.248877849,SPG_NYSE_oid1873527,KO.N,S,11,56.08,NYSE_trader1873527,11,EQUITIES_EXCH
new,2019.12.31D14:42:12.284930437,SPG_NYSE_oid1873545,KO.N,S,13,56.08,NYSE_trader1873545,13,EQUITIES_EXCH
new,2019.12.31D14:42:14.873276522,SPG_NYSE_oid1873910,KO.N,B,25,56.07,NYSE_trader1873910,25,EQUITIES_EXCH
new,2019.12.31D14:42:17.113182539,SPG_NYSE_oid1874234,KO.N,B,23,56.07,NYSE_trader1874234,23,EQUITIES_EXCH
new,2019.12.31D14:42:17.133328390,SPG_NYSE_oid1874258,KO.N,S,13,56.09,NYSE_trader1874258,13,EQUITIES_EXCH
new,2019.12.31D14:42:18.905393494,SPG_NYSE_oid1874441,KO.N,S,24,56.1,NYSE_trader1874441,24,EQUITIES_EXCH
new,2019.12.31D14:42:18.913038359,SPG_NYSE_oid1874456,KO.N,S,21,56.1,NYSE_trader1874456,21,EQUITIES_EXCH
new,2019.12.31D14:42:19.025166276,SPG_NYSE_oid1874481,KO.N,B,21,56.09,NYSE_trader1874481,21,EQUITIES_EXCH
new,2019.12.31D14:42:19.405723458,SPG_NYSE_oid1874595,KO.N,B,21,56.09,NYSE_trader1874595,21,EQUITIES_EXCH
new,2019.12.31D14:42:20.713224377,SPG_NYSE_oid1874828,KO.N,B,18,56.09,NYSE_trader1874828,18,EQUITIES_EXCH
new,2019.12.31D14:42:22.929257668,SPG_NYSE_oid1875353,KO.N,S,13,56.1,NYSE_trader1875353,13,EQUITIES_EXCH
new,2019.12.31D14:42:23.785531920,SPG_NYSE_oid1875498,KO.N,S,24,56.1,NYSE_trader1875498,24,EQUITIES_EXCH
new,2019.12.31D14:42:24.342040706,SPG_NYSE_oid1875580,KO.N,B,15,56.09,NYSE_trader1875580,15,EQUITIES_EXCH
new,2019.12.31D14:42:25.536577523,SPG_NYSE_oid1876096,KO.N,B,17,56.09,NYSE_trader1876096,17,EQUITIES_EXCH
new,2019.12.31D14:42:27.792734643,SPG_NYSE_oid1876368,KO.N,B,13,56.1,NYSE_trader1876368,13,EQUITIES_EXCH
new,2019.12.31D14:42:28.421305574,SPG_NYSE_oid1876457,KO.N,S,16,56.13,NYSE_trader1876457,16,EQUITIES_EXCH
new,2019.12.31D14:42:29.045340223,SPG_NYSE_oid1876638,KO.N,S,22,56.13,NYSE_trader1876638,22,EQUITIES_EXCH
new,2019.12.31D14:42:30.444875169,SPG_NYSE_oid1876881,KO.N,B,11,56.12,NYSE_trader1876881,11,EQUITIES_EXCH
new,2019.12.31D14:42:31.117472992,SPG_NYSE_oid1877206,KO.N,B,12,56.12,NYSE_trader1877206,12,EQUITIES_EXCH
new,2019.12.31D14:42:31.941233935,SPG_NYSE_oid1877392,KO.N,B,12,56.12,NYSE_trader1877392,12,EQUITIES_EXCH
new,2019.12.31D14:42:33.765222556,SPG_NYSE_oid1877684,KO.N,S,13,56.14,NYSE_trader1877684,13,EQUITIES_EXCH
new,2019.12.31D14:42:34.297436275,SPG_NYSE_oid1877746,KO.N,B,13,56.13,NYSE_trader1877746,13,EQUITIES_EXCH
new,2019.12.31D14:42:38.989111457,SPG_NYSE_oid1878276,KO.N,B,13,56.13,NYSE_trader1878276,13,EQUITIES_EXCH
new,2019.12.31D14:42:39.857291095,SPG_NYSE_oid1878442,KO.N,S,15,56.15,NYSE_trader1878442,15,EQUITIES_EXCH
new,2019.12.31D14:42:40.062032840,SPG_NYSE_oid1878498,KO.N,B,11,56.14,NYSE_trader1878498,11,EQUITIES_EXCH
new,2019.12.31D14:42:41.326106702,SPG_NYSE_oid1878701,KO.N,B,12,56.14,NYSE_trader1878701,12,EQUITIES_EXCH
new,2019.12.31D14:42:41.581484075,SPG_NYSE_oid1878780,KO.N,S,12,56.16,NYSE_trader1878780,12,EQUITIES_EXCH
new,2019.12.31D14:42:43.341224668,SPG_NYSE_oid1878940,KO.N,B,14,56.15,NYSE_trader1878940,14,EQUITIES_EXCH
new,2019.12.31D14:42:43.465220483,SPG_NYSE_oid1878992,KO.N,B,12,56.15,NYSE_trader1878992,12,EQUITIES_EXCH
new,2019.12.31D14:42:44.608506744,SPG_NYSE_oid1879307,KO.N,B,18,56.15,NYSE_trader1879307,18,EQUITIES_EXCH
new,2019.12.31D14:42:45.489346169,SPG_NYSE_oid1879615,KO.N,S,11,56.17,NYSE_trader1879615,11,EQUITIES_EXCH
new,2019.12.31D14:42:50.132919887,SPG_NYSE_oid1880701,KO.N,S,21,56.17,NYSE_trader1880701,21,EQUITIES_EXCH
new,2019.12.31D14:42:50.136898439,SPG_NYSE_oid1880721,KO.N,S,26,56.16,NYSE_trader1880721,26,EQUITIES_EXCH
new,2019.12.31D14:42:50.657164670,SPG_NYSE_oid1880792,KO.N,S,38,56.15,NYSE_trader1880792,38,EQUITIES_EXCH
new,2019.12.31D14:42:51.833206386,SPG_NYSE_oid1881075,KO.N,S,12,56.15,NYSE_trader1881075,12,EQUITIES_EXCH
new,2019.12.31D14:42:53.013073637,SPG_NYSE_oid1881207,KO.N,S,16,56.15,NYSE_trader1881207,16,EQUITIES_EXCH
new,2019.12.31D14:42:54.241191719,SPG_NYSE_oid1881345,KO.N,S,32,56.14,NYSE_trader1881345,32,EQUITIES_EXCH
new,2019.12.31D14:42:58.762177678,SPG_NYSE_oid1881898,KO.N,S,20,56.14,NYSE_trader1881898,20,EQUITIES_EXCH
new,2019.12.31D14:43:00.197185383,SPG_NYSE_oid1882155,KO.N,S,13,56.14,NYSE_trader1882155,13,EQUITIES_EXCH
new,2019.12.31D14:43:00.333954489,SPG_NYSE_oid1882179,KO.N,S,20,56.13,NYSE_trader1882179,20,EQUITIES_EXCH
new,2019.12.31D14:43:00.356271616,SPG_NYSE_oid1882198,KO.N,B,17,56.12,NYSE_trader1882198,17,EQUITIES_EXCH
new,2019.12.31D14:43:01.336356572,SPG_NYSE_oid1882297,KO.N,S,18,56.13,NYSE_trader1882297,18,EQUITIES_EXCH
new,2019.12.31D14:43:01.428905128,SPG_NYSE_oid1882326,KO.N,S,18,56.12,NYSE_trader1882326,18,EQUITIES_EXCH
new,2019.12.31D14:43:01.777423754,SPG_NYSE_oid1882515,KO.N,S,20,56.12,NYSE_trader1882515,20,EQUITIES_EXCH
new,2019.12.31D14:43:04.712858736,SPG_NYSE_oid1882892,KO.N,S,22,56.13,NYSE_trader1882892,22,EQUITIES_EXCH
new,2019.12.31D14:43:04.713574993,SPG_NYSE_oid1882920,KO.N,S,22,56.13,NYSE_trader1882920,22,EQUITIES_EXCH
new,2019.12.31D14:43:04.757571846,SPG_NYSE_oid1882978,KO.N,S,29,56.13,NYSE_trader1882978,29,EQUITIES_EXCH
new,2019.12.31D14:43:05.217604500,SPG_NYSE_oid1883232,KO.N,S,12,56.12,NYSE_trader1883232,12,EQUITIES_EXCH
new,2019.12.31D14:43:06.365495759,SPG_NYSE_oid1883628,KO.N,S,24,56.12,NYSE_trader1883628,24,EQUITIES_EXCH
new,2019.12.31D14:43:06.377366904,SPG_NYSE_oid1883652,KO.N,B,11,56.1,NYSE_trader1883652,11,EQUITIES_EXCH
new,2019.12.31D14:43:08.065465877,SPG_NYSE_oid1884012,KO.N,S,16,56.11,NYSE_trader1884012,16,EQUITIES_EXCH
new,2019.12.31D14:43:11.905095960,SPG_NYSE_oid1884934,KO.N,B,11,56.1,NYSE_trader1884934,11,EQUITIES_EXCH
new,2019.12.31D14:43:14.085155574,SPG_NYSE_oid1885330,KO.N,B,15,56.1,NYSE_trader1885330,15,EQUITIES_EXCH
new,2019.12.31D14:43:18.696646309,SPG_NYSE_oid1885818,KO.N,S,19,56.11,NYSE_trader1885818,19,EQUITIES_EXCH
new,2019.12.31D14:43:20.096996087,SPG_NYSE_oid1886045,KO.N,S,26,56.1,NYSE_trader1886045,26,EQUITIES_EXCH
new,2019.12.31D14:43:20.104780303,SPG_NYSE_oid1886079,KO.N,S,20,56.1,NYSE_trader1886079,20,EQUITIES_EXCH
new,2019.12.31D14:43:20.132491434,SPG_NYSE_oid1886104,KO.N,S,20,56.09,NYSE_trader1886104,20,EQUITIES_EXCH
new,2019.12.31D14:43:21.676587631,SPG_NYSE_oid1886484,KO.N,S,23,56.09,NYSE_trader1886484,23,EQUITIES_EXCH
new,2019.12.31D14:43:22.028645256,SPG_NYSE_oid1886747,KO.N,S,13,56.08,NYSE_trader1886747,13,EQUITIES_EXCH
new,2019.12.31D14:43:23.112738863,SPG_NYSE_oid1887040,KO.N,S,11,56.08,NYSE_trader1887040,11,EQUITIES_EXCH
new,2019.12.31D14:43:26.588934075,SPG_NYSE_oid1887576,KO.N,S,12,56.08,NYSE_trader1887576,12,EQUITIES_EXCH
new,2019.12.31D14:43:27.492554629,SPG_NYSE_oid1887786,KO.N,B,11,56.07,NYSE_trader1887786,11,EQUITIES_EXCH
new,2019.12.31D14:43:36.744095254,SPG_NYSE_oid1889213,KO.N,B,12,56.07,NYSE_trader1889213,12,EQUITIES_EXCH
new,2019.12.31D14:43:38.432416043,SPG_NYSE_oid1889449,KO.N,S,26,56.09,NYSE_trader1889449,26,EQUITIES_EXCH
new,2019.12.31D14:43:38.432551532,SPG_NYSE_oid1889468,KO.N,S,21,56.09,NYSE_trader1889468,21,EQUITIES_EXCH
new,2019.12.31D14:43:39.984263168,SPG_NYSE_oid1889848,KO.N,B,14,56.08,NYSE_trader1889848,14,EQUITIES_EXCH
new,2019.12.31D14:43:43.252731269,SPG_NYSE_oid1890461,KO.N,S,16,56.09,NYSE_trader1890461,16,EQUITIES_EXCH
new,2019.12.31D14:43:48.260943491,SPG_NYSE_oid1891241,KO.N,S,21,56.09,NYSE_trader1891241,21,EQUITIES_EXCH
new,2019.12.31D14:44:10.384132069,SPG_NYSE_oid1894182,KO.N,S,14,56.09,NYSE_trader1894182,14,EQUITIES_EXCH
new,2019.12.31D14:44:30.168895475,SPG_NYSE_oid1896623,KO.N,B,11,56.08,NYSE_trader1896623,11,EQUITIES_EXCH
new,2019.12.31D14:44:31.964098628,SPG_NYSE_oid1896876,KO.N,S,36,56.08,NYSE_trader1896876,36,EQUITIES_EXCH
new,2019.12.31D14:44:32.473032912,SPG_NYSE_oid1896942,KO.N,S,18,56.08,NYSE_trader1896942,18,EQUITIES_EXCH
new,2019.12.31D14:44:34.620744584,SPG_NYSE_oid1897121,KO.N,S,12,56.08,NYSE_trader1897121,12,EQUITIES_EXCH
new,2019.12.31D14:44:39.592349844,SPG_NYSE_oid1897619,KO.N,S,13,56.08,NYSE_trader1897619,13,EQUITIES_EXCH
new,2019.12.31D14:44:41.548567824,SPG_NYSE_oid1897950,KO.N,S,16,56.08,NYSE_trader1897950,16,EQUITIES_EXCH
new,2019.12.31D14:44:45.263839344,SPG_NYSE_oid1898475,KO.N,S,11,56.08,NYSE_trader1898475,11,EQUITIES_EXCH
new,2019.12.31D14:44:46.347899239,SPG_NYSE_oid1898842,KO.N,S,17,56.08,NYSE_trader1898842,17,EQUITIES_EXCH
new,2019.12.31D14:44:48.623774698,SPG_NYSE_oid1899091,KO.N,S,14,56.08,NYSE_trader1899091,14,EQUITIES_EXCH
new,2019.12.31D14:44:50.256155795,SPG_NYSE_oid1899406,KO.N,S,11,56.08,NYSE_trader1899406,11,EQUITIES_EXCH
new,2019.12.31D14:44:53.004335842,SPG_NYSE_oid1899738,KO.N,B,11,56.07,NYSE_trader1899738,11,EQUITIES_EXCH
new,2019.12.31D14:44:57.092397155,SPG_NYSE_oid1900245,KO.N,B,17,56.07,NYSE_trader1900245,17,EQUITIES_EXCH
new,2019.12.31D14:44:57.112356398,SPG_NYSE_oid1900260,KO.N,B,17,56.07,NYSE_trader1900260,17,EQUITIES_EXCH
new,2019.12.31D14:44:58.964232095,SPG_NYSE_oid1900606,KO.N,S,11,56.09,NYSE_trader1900606,11,EQUITIES_EXCH
new,2019.12.31D14:45:00.404658008,SPG_NYSE_oid1900853,KO.N,S,19,56.09,NYSE_trader1900853,19,EQUITIES_EXCH
new,2019.12.31D14:45:07.168185729,SPG_NYSE_oid1901789,KO.N,B,11,56.08,NYSE_trader1901789,11,EQUITIES_EXCH
new,2019.12.31D14:45:09.152153257,SPG_NYSE_oid1902137,KO.N,B,11,56.08,NYSE_trader1902137,11,EQUITIES_EXCH
new,2019.12.31D14:45:10.312230753,SPG_NYSE_oid1902452,KO.N,B,11,56.08,NYSE_trader1902452,11,EQUITIES_EXCH
new,2019.12.31D14:45:10.324181762,SPG_NYSE_oid1902488,KO.N,S,12,56.1,NYSE_trader1902488,12,EQUITIES_EXCH
new,2019.12.31D14:45:13.344420019,SPG_NYSE_oid1903027,KO.N,B,13,56.09,NYSE_trader1903027,13,EQUITIES_EXCH
new,2019.12.31D14:45:13.552621891,SPG_NYSE_oid1903095,KO.N,B,14,56.09,NYSE_trader1903095,14,EQUITIES_EXCH
new,2019.12.31D14:45:15.804465506,SPG_NYSE_oid1903486,KO.N,S,18,56.1,NYSE_trader1903486,18,EQUITIES_EXCH
new,2019.12.31D14:45:18.772520194,SPG_NYSE_oid1903896,KO.N,S,18,56.1,NYSE_trader1903896,18,EQUITIES_EXCH
new,2019.12.31D14:45:20.948065352,SPG_NYSE_oid1904225,KO.N,S,11,56.1,NYSE_trader1904225,11,EQUITIES_EXCH
new,2019.12.31D14:45:23.916245120,SPG_NYSE_oid1904972,KO.N,B,12,56.09,NYSE_trader1904972,12,EQUITIES_EXCH
new,2019.12.31D14:45:25.580021072,SPG_NYSE_oid1905170,KO.N,S,17,56.11,NYSE_trader1905170,17,EQUITIES_EXCH
new,2019.12.31D14:45:27.771746736,SPG_NYSE_oid1905367,KO.N,B,12,56.09,NYSE_trader1905367,12,EQUITIES_EXCH
new,2019.12.31D14:45:29.132582610,SPG_NYSE_oid1905550,KO.N,B,12,56.09,NYSE_trader1905550,12,EQUITIES_EXCH
new,2019.12.31D14:45:31.488189572,SPG_NYSE_oid1905807,KO.N,B,14,56.09,NYSE_trader1905807,14,EQUITIES_EXCH
new,2019.12.31D14:45:33.044371698,SPG_NYSE_oid1905972,KO.N,S,15,56.11,NYSE_trader1905972,15,EQUITIES_EXCH
new,2019.12.31D14:45:33.056180083,SPG_NYSE_oid1905996,KO.N,S,37,56.11,NYSE_trader1905996,37,EQUITIES_EXCH
new,2019.12.31D14:45:33.084337383,SPG_NYSE_oid1906018,KO.N,S,28,56.1,NYSE_trader1906018,28,EQUITIES_EXCH
new,2019.12.31D14:45:34.044388479,SPG_NYSE_oid1906319,KO.N,S,20,56.1,NYSE_trader1906319,20,EQUITIES_EXCH
new,2019.12.31D14:45:34.383408821,SPG_NYSE_oid1906379,KO.N,S,18,56.09,NYSE_trader1906379,18,EQUITIES_EXCH
new,2019.12.31D14:45:36.960446757,SPG_NYSE_oid1906673,KO.N,S,18,56.09,NYSE_trader1906673,18,EQUITIES_EXCH
new,2019.12.31D14:45:37.855310116,SPG_NYSE_oid1906763,KO.N,S,16,56.09,NYSE_trader1906763,16,EQUITIES_EXCH
new,2019.12.31D14:45:40.927498644,SPG_NYSE_oid1907088,KO.N,S,21,56.08,NYSE_trader1907088,21,EQUITIES_EXCH
new,2019.12.31D14:45:40.927703765,SPG_NYSE_oid1907108,KO.N,S,16,56.08,NYSE_trader1907108,16,EQUITIES_EXCH
new,2019.12.31D14:45:47.972727424,SPG_NYSE_oid1908186,KO.N,B,12,56.07,NYSE_trader1908186,12,EQUITIES_EXCH
new,2019.12.31D14:45:50.664285808,SPG_NYSE_oid1908660,KO.N,B,14,56.07,NYSE_trader1908660,14,EQUITIES_EXCH
new,2019.12.31D14:46:01.183853459,SPG_NYSE_oid1909602,KO.N,S,32,56.07,NYSE_trader1909602,32,EQUITIES_EXCH
new,2019.12.31D14:46:09.420459336,SPG_NYSE_oid1910613,KO.N,S,17,56.07,NYSE_trader1910613,17,EQUITIES_EXCH
new,2019.12.31D14:46:09.644215194,SPG_NYSE_oid1910692,KO.N,S,14,56.05,NYSE_trader1910692,14,EQUITIES_EXCH
new,2019.12.31D14:46:14.495467545,SPG_NYSE_oid1911289,KO.N,S,11,56.05,NYSE_trader1911289,11,EQUITIES_EXCH
new,2019.12.31D14:46:15.919489656,SPG_NYSE_oid1911471,KO.N,S,11,56.05,NYSE_trader1911471,11,EQUITIES_EXCH
new,2019.12.31D14:46:16.331519880,SPG_NYSE_oid1911518,KO.N,S,13,56.05,NYSE_trader1911518,13,EQUITIES_EXCH
new,2019.12.31D14:46:17.299576817,SPG_NYSE_oid1911659,KO.N,S,13,56.05,NYSE_trader1911659,13,EQUITIES_EXCH
new,2019.12.31D14:46:19.767816473,SPG_NYSE_oid1911994,KO.N,S,16,56.05,NYSE_trader1911994,16,EQUITIES_EXCH
new,2019.12.31D14:46:20.287867581,SPG_NYSE_oid1912079,KO.N,S,19,56.04,NYSE_trader1912079,19,EQUITIES_EXCH
new,2019.12.31D14:46:23.907727735,SPG_NYSE_oid1912699,KO.N,S,13,56.05,NYSE_trader1912699,13,EQUITIES_EXCH
new,2019.12.31D14:46:23.912214825,SPG_NYSE_oid1912722,KO.N,S,13,56.04,NYSE_trader1912722,13,EQUITIES_EXCH
new,2019.12.31D14:46:24.011653923,SPG_NYSE_oid1912765,KO.N,S,19,56.05,NYSE_trader1912765,19,EQUITIES_EXCH
new,2019.12.31D14:46:24.119630944,SPG_NYSE_oid1912810,KO.N,S,18,56.05,NYSE_trader1912810,18,EQUITIES_EXCH
new,2019.12.31D14:46:24.511735438,SPG_NYSE_oid1912846,KO.N,S,16,56.05,NYSE_trader1912846,16,EQUITIES_EXCH
new,2019.12.31D14:46:24.952131962,SPG_NYSE_oid1912893,KO.N,S,17,56.05,NYSE_trader1912893,17,EQUITIES_EXCH
new,2019.12.31D14:46:24.967702451,SPG_NYSE_oid1912918,KO.N,B,11,56.03,NYSE_trader1912918,11,EQUITIES_EXCH
new,2019.12.31D14:46:27.419873578,SPG_NYSE_oid1913363,KO.N,S,11,56.05,NYSE_trader1913363,11,EQUITIES_EXCH
new,2019.12.31D14:46:29.740449684,SPG_NYSE_oid1913701,KO.N,B,14,56.04,NYSE_trader1913701,14,EQUITIES_EXCH
new,2019.12.31D14:46:29.772360952,SPG_NYSE_oid1913734,KO.N,B,15,56.04,NYSE_trader1913734,15,EQUITIES_EXCH
new,2019.12.31D14:46:33.323548509,SPG_NYSE_oid1913989,KO.N,S,21,56.05,NYSE_trader1913989,21,EQUITIES_EXCH
new,2019.12.31D14:46:33.591558725,SPG_NYSE_oid1914106,KO.N,S,15,56.05,NYSE_trader1914106,15,EQUITIES_EXCH
new,2019.12.31D14:46:35.083666676,SPG_NYSE_oid1914417,KO.N,S,11,56.05,NYSE_trader1914417,11,EQUITIES_EXCH
new,2019.12.31D14:46:35.266347863,SPG_NYSE_oid1914535,KO.N,S,16,56.05,NYSE_trader1914535,16,EQUITIES_EXCH
new,2019.12.31D14:46:42.919774007,SPG_NYSE_oid1915425,KO.N,S,16,56.05,NYSE_trader1915425,16,EQUITIES_EXCH
new,2019.12.31D14:46:48.479519415,SPG_NYSE_oid1916030,KO.N,S,19,56.05,NYSE_trader1916030,19,EQUITIES_EXCH
new,2019.12.31D14:46:50.123096527,SPG_NYSE_oid1916183,KO.N,S,23,56.05,NYSE_trader1916183,23,EQUITIES_EXCH
new,2019.12.31D14:46:50.123316640,SPG_NYSE_oid1916203,KO.N,S,13,56.04,NYSE_trader1916203,13,EQUITIES_EXCH
new,2019.12.31D14:46:57.663295919,SPG_NYSE_oid1917068,KO.N,S,14,56.05,NYSE_trader1917068,14,EQUITIES_EXCH
new,2019.12.31D14:47:00.055921707,SPG_NYSE_oid1917314,KO.N,S,43,56.03,NYSE_trader1917314,43,EQUITIES_EXCH
new,2019.12.31D14:47:02.024373022,SPG_NYSE_oid1917953,KO.N,S,11,56.02,NYSE_trader1917953,11,EQUITIES_EXCH
new,2019.12.31D14:47:02.899987060,SPG_NYSE_oid1918110,KO.N,S,14,56.03,NYSE_trader1918110,14,EQUITIES_EXCH
new,2019.12.31D14:47:07.638892647,SPG_NYSE_oid1918741,KO.N,B,11,56.02,NYSE_trader1918741,11,EQUITIES_EXCH
new,2019.12.31D14:47:12.911542676,SPG_NYSE_oid1919331,KO.N,S,18,56.03,NYSE_trader1919331,18,EQUITIES_EXCH
new,2019.12.31D14:47:14.803849539,SPG_NYSE_oid1919655,KO.N,S,25,56.03,NYSE_trader1919655,25,EQUITIES_EXCH
new,2019.12.31D14:47:14.824142342,SPG_NYSE_oid1919688,KO.N,S,14,56.03,NYSE_trader1919688,14,EQUITIES_EXCH
new,2019.12.31D14:47:25.731841276,SPG_NYSE_oid1921186,KO.N,S,18,56.03,NYSE_trader1921186,18,EQUITIES_EXCH
new,2019.12.31D14:47:27.999280353,SPG_NYSE_oid1921559,KO.N,S,22,56.03,NYSE_trader1921559,22,EQUITIES_EXCH
new,2019.12.31D14:47:28.003289034,SPG_NYSE_oid1921575,KO.N,B,22,56,NYSE_trader1921575,22,EQUITIES_EXCH
new,2019.12.31D14:47:28.019270116,SPG_NYSE_oid1921604,KO.N,S,18,56,NYSE_trader1921604,18,EQUITIES_EXCH
new,2019.12.31D14:47:41.906859609,SPG_NYSE_oid1923321,KO.N,B,13,56,NYSE_trader1923321,13,EQUITIES_EXCH
new,2019.12.31D14:47:51.027429432,SPG_NYSE_oid1924288,KO.N,B,12,56,NYSE_trader1924288,12,EQUITIES_EXCH
new,2019.12.31D14:47:51.671076100,SPG_NYSE_oid1924406,KO.N,B,11,56,NYSE_trader1924406,11,EQUITIES_EXCH
new,2019.12.31D14:47:55.627274878,SPG_NYSE_oid1925047,KO.N,B,13,56,NYSE_trader1925047,13,EQUITIES_EXCH
new,2019.12.31D14:48:01.410782602,SPG_NYSE_oid1926040,KO.N,S,15,56.02,NYSE_trader1926040,15,EQUITIES_EXCH
new,2019.12.31D14:48:01.791068480,SPG_NYSE_oid1926143,KO.N,S,18,56.02,NYSE_trader1926143,18,EQUITIES_EXCH
new,2019.12.31D14:48:08.323017254,SPG_NYSE_oid1927243,KO.N,B,13,56.01,NYSE_trader1927243,13,EQUITIES_EXCH
new,2019.12.31D14:48:08.327353527,SPG_NYSE_oid1927277,KO.N,S,13,56.03,NYSE_trader1927277,13,EQUITIES_EXCH
new,2019.12.31D14:48:11.259660102,SPG_NYSE_oid1927853,KO.N,S,13,56.03,NYSE_trader1927853,13,EQUITIES_EXCH
new,2019.12.31D14:48:17.922639742,SPG_NYSE_oid1929248,KO.N,S,16,56.03,NYSE_trader1929248,16,EQUITIES_EXCH
new,2019.12.31D14:48:18.479163695,SPG_NYSE_oid1929360,KO.N,S,22,56.03,NYSE_trader1929360,22,EQUITIES_EXCH
new,2019.12.31D14:48:18.707144506,SPG_NYSE_oid1929403,KO.N,S,35,56.03,NYSE_trader1929403,35,EQUITIES_EXCH
new,2019.12.31D14:48:26.323058956,SPG_NYSE_oid1930538,KO.N,S,13,56.04,NYSE_trader1930538,13,EQUITIES_EXCH
new,2019.12.31D14:48:26.707318018,SPG_NYSE_oid1930660,KO.N,S,16,56.03,NYSE_trader1930660,16,EQUITIES_EXCH
new,2019.12.31D14:48:29.711834585,SPG_NYSE_oid1931280,KO.N,S,13,56.03,NYSE_trader1931280,13,EQUITIES_EXCH
new,2019.12.31D14:48:33.378411842,SPG_NYSE_oid1931642,KO.N,S,12,56.04,NYSE_trader1931642,12,EQUITIES_EXCH
new,2019.12.31D14:48:33.926454611,SPG_NYSE_oid1931718,KO.N,S,33,56.04,NYSE_trader1931718,33,EQUITIES_EXCH
new,2019.12.31D14:48:33.926634468,SPG_NYSE_oid1931739,KO.N,S,23,56.03,NYSE_trader1931739,23,EQUITIES_EXCH
new,2019.12.31D14:48:34.750235005,SPG_NYSE_oid1931950,KO.N,S,21,56.03,NYSE_trader1931950,21,EQUITIES_EXCH
new,2019.12.31D14:48:35.313542054,SPG_NYSE_oid1932048,KO.N,S,14,56.03,NYSE_trader1932048,14,EQUITIES_EXCH
new,2019.12.31D14:48:37.011256739,SPG_NYSE_oid1932400,KO.N,S,25,56.03,NYSE_demoTrader,25,EQUITIES_EXCH
new,2019.12.31D14:48:38.013397239,SPG_NYSE_oid1932662,KO.N,B,12,56.01,NYSE_trader1932662,12,EQUITIES_EXCH
new,2019.12.31D14:48:39.442909979,SPG_NYSE_oid1932979,KO.N,B,13,56.01,NYSE_trader1932979,13,EQUITIES_EXCH
new,2019.12.31D14:48:39.934731989,SPG_NYSE_oid1933042,KO.N,S,13,56.02,NYSE_trader1933042,13,EQUITIES_EXCH
new,2019.12.31D14:48:42.147587755,SPG_NYSE_oid1933490,KO.N,S,27,56.02,NYSE_trader1933490,27,EQUITIES_EXCH
new,2019.12.31D14:48:42.347198418,SPG_NYSE_oid1933552,KO.N,S,16,56.02,NYSE_trader1933552,16,EQUITIES_EXCH
new,2019.12.31D14:48:42.911275781,SPG_NYSE_oid1933633,KO.N,S,17,56.02,NYSE_trader1933633,17,EQUITIES_EXCH
new,2019.12.31D14:48:46.691430206,SPG_NYSE_oid1934239,KO.N,B,16,56.01,NYSE_trader1934239,16,EQUITIES_EXCH
new,2019.12.31D14:48:46.691544334,SPG_NYSE_oid1934258,KO.N,S,15,56.03,NYSE_trader1934258,15,EQUITIES_EXCH
new,2019.12.31D14:48:46.715864154,SPG_NYSE_oid1934286,KO.N,B,15,56.02,NYSE_trader1934286,15,EQUITIES_EXCH
new,2019.12.31D14:48:46.735400675,SPG_NYSE_oid1934310,KO.N,S,15,56.04,NYSE_trader1934310,15,EQUITIES_EXCH
new,2019.12.31D14:48:47.015884710,SPG_NYSE_oid1934388,KO.N,S,13,56.04,NYSE_trader1934388,13,EQUITIES_EXCH
new,2019.12.31D14:48:47.691921078,SPG_NYSE_oid1934486,KO.N,B,24,56.03,NYSE_trader1934486,24,EQUITIES_EXCH
new,2019.12.31D14:48:51.898403516,SPG_NYSE_oid1935057,KO.N,B,20,56.03,NYSE_trader1935057,20,EQUITIES_EXCH
new,2019.12.31D14:48:52.275253970,SPG_NYSE_oid1935108,KO.N,B,20,56.03,NYSE_trader1935108,20,EQUITIES_EXCH
new,2019.12.31D14:48:52.806244944,SPG_NYSE_oid1935225,KO.N,B,20,56.03,NYSE_trader1935225,20,EQUITIES_EXCH
new,2019.12.31D14:48:53.435309165,SPG_NYSE_oid1935315,KO.N,B,18,56.03,NYSE_trader1935315,18,EQUITIES_EXCH
new,2019.12.31D14:48:56.535515401,SPG_NYSE_oid1935706,KO.N,B,16,56.03,NYSE_trader1935706,16,EQUITIES_EXCH
new,2019.12.31D14:49:00.987176592,SPG_NYSE_oid1936363,KO.N,S,52,56.04,NYSE_trader1936363,52,EQUITIES_EXCH
new,2019.12.31D14:49:00.990990753,SPG_NYSE_oid1936378,KO.N,B,13,56.02,NYSE_trader1936378,13,EQUITIES_EXCH
new,2019.12.31D14:49:01.026765924,SPG_NYSE_oid1936410,KO.N,S,27,56.03,NYSE_trader1936410,27,EQUITIES_EXCH
new,2019.12.31D14:49:01.207395499,SPG_NYSE_oid1936444,KO.N,S,25,56.02,NYSE_trader1936444,25,EQUITIES_EXCH
new,2019.12.31D14:49:01.839833776,SPG_NYSE_oid1936754,KO.N,S,17,56.02,NYSE_trader1936754,17,EQUITIES_EXCH
new,2019.12.31D14:49:05.176038663,SPG_NYSE_oid1937234,KO.N,B,12,56.01,NYSE_trader1937234,12,EQUITIES_EXCH
new,2019.12.31D14:49:08.614047770,SPG_NYSE_oid1937540,KO.N,S,26,56.02,NYSE_trader1937540,26,EQUITIES_EXCH
new,2019.12.31D14:49:10.290364202,SPG_NYSE_oid1937634,KO.N,S,11,56.02,NYSE_trader1937634,11,EQUITIES_EXCH
new,2019.12.31D14:49:10.542090127,SPG_NYSE_oid1937662,KO.N,S,21,56.02,NYSE_trader1937662,21,EQUITIES_EXCH
new,2019.12.31D14:49:11.590263876,SPG_NYSE_oid1937755,KO.N,S,12,56.02,NYSE_trader1937755,12,EQUITIES_EXCH
new,2019.12.31D14:49:14.242693550,SPG_NYSE_oid1938218,KO.N,S,17,56.02,NYSE_trader1938218,17,EQUITIES_EXCH
new,2019.12.31D14:49:14.942901520,SPG_NYSE_oid1938297,KO.N,S,17,56.02,NYSE_trader1938297,17,EQUITIES_EXCH
new,2019.12.31D14:49:15.269688667,SPG_NYSE_oid1938340,KO.N,S,22,56.01,NYSE_trader1938340,22,EQUITIES_EXCH
new,2019.12.31D14:49:16.202901540,SPG_NYSE_oid1938487,KO.N,B,11,56,NYSE_trader1938487,11,EQUITIES_EXCH
new,2019.12.31D14:49:16.982834632,SPG_NYSE_oid1938623,KO.N,B,15,56,NYSE_trader1938623,15,EQUITIES_EXCH
new,2019.12.31D14:49:16.994768465,SPG_NYSE_oid1938650,KO.N,S,19,56.02,NYSE_trader1938650,19,EQUITIES_EXCH
new,2019.12.31D14:49:26.606356121,SPG_NYSE_oid1939933,KO.N,S,11,56.02,NYSE_trader1939933,11,EQUITIES_EXCH
new,2019.12.31D14:49:28.010587769,SPG_NYSE_oid1940267,KO.N,S,24,56.02,NYSE_trader1940267,24,EQUITIES_EXCH
new,2019.12.31D14:49:28.016484614,SPG_NYSE_oid1940311,KO.N,S,11,56.01,NYSE_trader1940311,11,EQUITIES_EXCH
new,2019.12.31D14:49:28.026446307,SPG_NYSE_oid1940339,KO.N,S,15,56.01,NYSE_trader1940339,15,EQUITIES_EXCH
new,2019.12.31D14:49:28.874171455,SPG_NYSE_oid1940491,KO.N,S,13,56.01,NYSE_trader1940491,13,EQUITIES_EXCH
new,2019.12.31D14:49:32.134709951,SPG_NYSE_oid1941134,KO.N,S,18,56.01,NYSE_trader1941134,18,EQUITIES_EXCH
new,2019.12.31D14:49:32.590525061,SPG_NYSE_oid1941199,KO.N,S,20,56.01,NYSE_trader1941199,20,EQUITIES_EXCH
new,2019.12.31D14:49:32.590734037,SPG_NYSE_oid1941218,KO.N,S,22,56,NYSE_trader1941218,22,EQUITIES_EXCH
new,2019.12.31D14:49:34.522876284,SPG_NYSE_oid1943494,KO.N,B,13,55.99,NYSE_trader1943494,13,EQUITIES_EXCH
new,2019.12.31D14:49:35.342693853,SPG_NYSE_oid1943737,KO.N,B,15,55.99,NYSE_trader1943737,15,EQUITIES_EXCH
new,2019.12.31D14:49:37.791053099,SPG_NYSE_oid1944361,KO.N,B,15,55.99,NYSE_trader1944361,15,EQUITIES_EXCH
new,2019.12.31D14:49:38.379123714,SPG_NYSE_oid1944476,KO.N,B,13,55.99,NYSE_trader1944476,13,EQUITIES_EXCH
new,2019.12.31D14:49:39.018807815,SPG_NYSE_oid1944673,KO.N,B,15,55.99,NYSE_trader1944673,15,EQUITIES_EXCH
new,2019.12.31D14:49:39.439167138,SPG_NYSE_oid1944731,KO.N,B,18,55.99,NYSE_trader1944731,18,EQUITIES_EXCH
new,2019.12.31D14:49:39.862906533,SPG_NYSE_oid1944850,KO.N,B,19,55.99,NYSE_trader1944850,19,EQUITIES_EXCH
new,2019.12.31D14:49:39.999191198,SPG_NYSE_oid1944879,KO.N,B,17,55.99,NYSE_trader1944879,17,EQUITIES_EXCH
new,2019.12.31D14:49:40.211100583,SPG_NYSE_oid1944904,KO.N,B,17,55.99,NYSE_trader1944904,17,EQUITIES_EXCH
new,2019.12.31D14:49:40.571120026,SPG_NYSE_oid1944963,KO.N,B,15,55.99,NYSE_trader1944963,15,EQUITIES_EXCH
new,2019.12.31D14:49:41.426935584,SPG_NYSE_oid1945030,KO.N,S,15,56,NYSE_trader1945030,15,EQUITIES_EXCH
new,2019.12.31D14:49:50.778436418,SPG_NYSE_oid1946355,KO.N,B,12,55.99,NYSE_trader1946355,12,EQUITIES_EXCH
new,2019.12.31D14:49:52.823022187,SPG_NYSE_oid1946580,KO.N,B,12,55.99,NYSE_trader1946580,12,EQUITIES_EXCH
new,2019.12.31D14:49:59.727062791,SPG_NYSE_oid1947528,KO.N,B,12,55.99,NYSE_trader1947528,12,EQUITIES_EXCH
new,2019.12.31D14:50:02.741958983,SPG_NYSE_oid1948092,KO.N,B,12,55.99,NYSE_trader1948092,12,EQUITIES_EXCH
new,2019.12.31D14:50:02.742203887,SPG_NYSE_oid1948112,KO.N,B,14,56,NYSE_trader1948112,14,EQUITIES_EXCH
new,2019.12.31D14:50:02.842603548,SPG_NYSE_oid1948139,KO.N,B,13,56,NYSE_trader1948139,13,EQUITIES_EXCH
new,2019.12.31D14:50:03.686664527,SPG_NYSE_oid1948330,KO.N,S,17,56.01,NYSE_trader1948330,17,EQUITIES_EXCH
new,2019.12.31D14:50:06.330221387,SPG_NYSE_oid1948710,KO.N,S,46,56.01,NYSE_trader1948710,46,EQUITIES_EXCH
new,2019.12.31D14:50:06.378856138,SPG_NYSE_oid1948733,KO.N,S,21,56.01,NYSE_trader1948733,21,EQUITIES_EXCH
new,2019.12.31D14:50:06.534841307,SPG_NYSE_oid1948769,KO.N,S,19,56.01,NYSE_trader1948769,19,EQUITIES_EXCH
new,2019.12.31D14:50:06.642853832,SPG_NYSE_oid1948807,KO.N,S,22,56.01,NYSE_trader1948807,22,EQUITIES_EXCH
new,2019.12.31D14:50:10.303086641,SPG_NYSE_oid1949324,KO.N,S,18,56.01,NYSE_trader1949324,18,EQUITIES_EXCH
new,2019.12.31D14:50:10.662600577,SPG_NYSE_oid1949414,KO.N,S,22,56.01,NYSE_trader1949414,22,EQUITIES_EXCH
new,2019.12.31D14:50:10.890633595,SPG_NYSE_oid1949483,KO.N,S,22,56.01,NYSE_trader1949483,22,EQUITIES_EXCH
new,2019.12.31D14:50:15.598840719,SPG_NYSE_oid1949897,KO.N,S,11,56.01,NYSE_trader1949897,11,EQUITIES_EXCH
new,2019.12.31D14:50:15.603164824,SPG_NYSE_oid1949921,KO.N,S,14,56.02,NYSE_trader1949921,14,EQUITIES_EXCH
new,2019.12.31D14:50:15.663409512,SPG_NYSE_oid1949947,KO.N,S,14,56.02,NYSE_trader1949947,14,EQUITIES_EXCH
new,2019.12.31D14:50:18.045709535,SPG_NYSE_oid1950213,KO.N,S,15,56.02,NYSE_trader1950213,15,EQUITIES_EXCH
new,2019.12.31D14:50:18.493587650,SPG_NYSE_oid1950318,KO.N,S,18,56.02,NYSE_trader1950318,18,EQUITIES_EXCH
new,2019.12.31D14:50:21.662204217,SPG_NYSE_oid1950790,KO.N,S,11,56.02,NYSE_trader1950790,11,EQUITIES_EXCH
new,2019.12.31D14:50:24.102568634,SPG_NYSE_oid1951176,KO.N,S,17,56.02,NYSE_trader1951176,17,EQUITIES_EXCH
new,2019.12.31D14:50:25.876006190,SPG_NYSE_oid1951636,KO.N,S,26,56.02,NYSE_trader1951636,26,EQUITIES_EXCH
new,2019.12.31D14:50:25.878804588,SPG_NYSE_oid1951663,KO.N,S,38,56.01,NYSE_trader1951663,38,EQUITIES_EXCH
new,2019.12.31D14:50:25.882050099,SPG_NYSE_oid1951688,KO.N,S,12,56.01,NYSE_trader1951688,12,EQUITIES_EXCH
new,2019.12.31D14:50:29.546723382,SPG_NYSE_oid1952424,KO.N,S,21,56.01,NYSE_trader1952424,21,EQUITIES_EXCH
new,2019.12.31D14:50:29.755311152,SPG_NYSE_oid1952462,KO.N,S,19,56.01,NYSE_trader1952462,19,EQUITIES_EXCH
new,2019.12.31D14:50:32.218994630,SPG_NYSE_oid1952750,KO.N,S,14,56.01,NYSE_trader1952750,14,EQUITIES_EXCH
new,2019.12.31D14:50:34.811635706,SPG_NYSE_oid1953335,KO.N,S,20,56.01,NYSE_trader1953335,20,EQUITIES_EXCH
new,2019.12.31D14:50:37.209754689,SPG_NYSE_oid1953655,KO.N,S,16,56.01,NYSE_trader1953655,16,EQUITIES_EXCH
new,2019.12.31D14:50:37.245784782,SPG_NYSE_oid1953690,KO.N,S,13,56.01,NYSE_trader1953690,13,EQUITIES_EXCH
new,2019.12.31D14:50:37.353813362,SPG_NYSE_oid1953730,KO.N,S,18,56.01,NYSE_trader1953730,18,EQUITIES_EXCH
new,2019.12.31D14:50:38.705868157,SPG_NYSE_oid1953844,KO.N,S,13,56.01,NYSE_trader1953844,13,EQUITIES_EXCH
new,2019.12.31D14:50:40.517975913,SPG_NYSE_oid1954099,KO.N,S,11,56.01,NYSE_trader1954099,11,EQUITIES_EXCH
new,2019.12.31D14:50:41.666937834,SPG_NYSE_oid1954249,KO.N,B,15,56,NYSE_trader1954249,15,EQUITIES_EXCH
new,2019.12.31D14:50:41.966075931,SPG_NYSE_oid1954443,KO.N,S,13,56.01,NYSE_trader1954443,13,EQUITIES_EXCH
new,2019.12.31D14:50:43.438166638,SPG_NYSE_oid1954587,KO.N,S,22,56.01,NYSE_trader1954587,22,EQUITIES_EXCH
new,2019.12.31D14:50:44.131189575,SPG_NYSE_oid1954726,KO.N,S,14,56.01,NYSE_trader1954726,14,EQUITIES_EXCH
new,2019.12.31D14:50:44.410322838,SPG_NYSE_oid1954816,KO.N,S,12,56.01,NYSE_trader1954816,12,EQUITIES_EXCH
new,2019.12.31D14:50:44.698258647,SPG_NYSE_oid1955061,KO.N,S,21,56.01,NYSE_trader1955061,21,EQUITIES_EXCH
new,2019.12.31D14:50:45.014274980,SPG_NYSE_oid1955136,KO.N,S,22,56.01,NYSE_trader1955136,22,EQUITIES_EXCH
new,2019.12.31D14:50:46.042333403,SPG_NYSE_oid1955311,KO.N,S,13,56.01,NYSE_trader1955311,13,EQUITIES_EXCH
new,2019.12.31D14:50:48.474494216,SPG_NYSE_oid1955596,KO.N,B,16,56,NYSE_trader1955596,16,EQUITIES_EXCH
new,2019.12.31D14:50:50.413079561,SPG_NYSE_oid1955887,KO.N,B,14,56,NYSE_trader1955887,14,EQUITIES_EXCH
new,2019.12.31D14:50:50.430603182,SPG_NYSE_oid1955920,KO.N,S,15,56.02,NYSE_trader1955920,15,EQUITIES_EXCH
new,2019.12.31D14:50:56.257725630,SPG_NYSE_oid1956719,KO.N,S,19,56.02,NYSE_trader1956719,19,EQUITIES_EXCH
new,2019.12.31D14:50:56.701974746,SPG_NYSE_oid1956777,KO.N,S,19,56.02,NYSE_trader1956777,19,EQUITIES_EXCH
new,2019.12.31D14:50:57.382012569,SPG_NYSE_oid1956952,KO.N,B,11,56.01,NYSE_trader1956952,11,EQUITIES_EXCH
new,2019.12.31D14:50:58.402241976,SPG_NYSE_oid1957213,KO.N,B,21,56.01,NYSE_trader1957213,21,EQUITIES_EXCH
new,2019.12.31D14:50:58.405727759,SPG_NYSE_oid1957238,KO.N,S,11,56.02,NYSE_trader1957238,11,EQUITIES_EXCH
new,2019.12.31D14:50:58.410081376,SPG_NYSE_oid1957261,KO.N,S,14,56.02,NYSE_trader1957261,14,EQUITIES_EXCH
new,2019.12.31D14:50:58.918111867,SPG_NYSE_oid1957400,KO.N,S,19,56.02,NYSE_demoTrader,19,EQUITIES_EXCH
new,2019.12.31D14:50:59.061662203,SPG_NYSE_oid1957442,KO.N,S,19,56.02,NYSE_trader1957442,19,EQUITIES_EXCH
new,2019.12.31D14:50:59.598155242,SPG_NYSE_oid1957548,KO.N,S,21,56.02,NYSE_trader1957548,21,EQUITIES_EXCH
new,2019.12.31D14:50:59.654166801,SPG_NYSE_oid1957565,KO.N,S,20,56.02,NYSE_trader1957565,20,EQUITIES_EXCH
new,2019.12.31D14:51:00.090195748,SPG_NYSE_oid1957602,KO.N,B,12,56.01,NYSE_trader1957602,12,EQUITIES_EXCH
new,2019.12.31D14:51:00.134184241,SPG_NYSE_oid1957619,KO.N,S,22,56.02,NYSE_trader1957619,22,EQUITIES_EXCH
new,2019.12.31D14:51:00.326200448,SPG_NYSE_oid1957683,KO.N,S,22,56.02,NYSE_trader1957683,22,EQUITIES_EXCH
new,2019.12.31D14:51:00.690148714,SPG_NYSE_oid1957731,KO.N,S,54,56.02,NYSE_trader1957731,54,EQUITIES_EXCH
new,2019.12.31D14:51:00.693943234,SPG_NYSE_oid1957749,KO.N,S,15,56.01,NYSE_trader1957749,15,EQUITIES_EXCH
new,2019.12.31D14:51:01.922291355,SPG_NYSE_oid1957998,KO.N,S,15,56.01,NYSE_trader1957998,15,EQUITIES_EXCH
new,2019.12.31D14:51:05.034230825,SPG_NYSE_oid1958574,KO.N,B,13,56,NYSE_trader1958574,13,EQUITIES_EXCH
new,2019.12.31D14:51:07.478681423,SPG_NYSE_oid1959042,KO.N,B,13,56,NYSE_trader1959042,13,EQUITIES_EXCH
new,2019.12.31D14:51:09.186757809,SPG_NYSE_oid1959238,KO.N,B,17,56,NYSE_trader1959238,17,EQUITIES_EXCH
new,2019.12.31D14:51:09.266704714,SPG_NYSE_oid1959274,KO.N,B,15,56,NYSE_trader1959274,15,EQUITIES_EXCH
new,2019.12.31D14:51:10.277842257,SPG_NYSE_oid1959477,KO.N,B,18,56,NYSE_trader1959477,18,EQUITIES_EXCH
new,2019.12.31D14:51:12.938015971,SPG_NYSE_oid1959955,KO.N,B,13,56,NYSE_trader1959955,13,EQUITIES_EXCH
new,2019.12.31D14:51:12.985688424,SPG_NYSE_oid1959988,KO.N,B,13,56.01,NYSE_trader1959988,13,EQUITIES_EXCH
new,2019.12.31D14:51:12.985816840,SPG_NYSE_oid1960003,KO.N,B,14,56.01,NYSE_trader1960003,14,EQUITIES_EXCH
new,2019.12.31D14:51:13.242027382,SPG_NYSE_oid1960043,KO.N,B,15,56.01,NYSE_trader1960043,15,EQUITIES_EXCH
new,2019.12.31D14:51:13.998071461,SPG_NYSE_oid1960204,KO.N,B,15,56.01,NYSE_trader1960204,15,EQUITIES_EXCH
new,2019.12.31D14:51:14.230082159,SPG_NYSE_oid1960294,KO.N,B,17,56.01,NYSE_trader1960294,17,EQUITIES_EXCH
new,2019.12.31D14:51:15.265549027,SPG_NYSE_oid1960444,KO.N,S,12,56.02,NYSE_trader1960444,12,EQUITIES_EXCH
new,2019.12.31D14:51:16.134210967,SPG_NYSE_oid1960560,KO.N,B,17,56.01,NYSE_trader1960560,17,EQUITIES_EXCH
new,2019.12.31D14:51:16.746058285,SPG_NYSE_oid1960644,KO.N,S,27,56.03,NYSE_trader1960644,27,EQUITIES_EXCH
new,2019.12.31D14:51:16.749962349,SPG_NYSE_oid1960661,KO.N,S,49,56.03,NYSE_trader1960661,49,EQUITIES_EXCH
new,2019.12.31D14:51:16.753799893,SPG_NYSE_oid1960677,KO.N,B,15,56.01,NYSE_trader1960677,15,EQUITIES_EXCH
new,2019.12.31D14:51:17.249871470,SPG_NYSE_oid1960785,KO.N,B,17,56.01,NYSE_trader1960785,17,EQUITIES_EXCH
new,2019.12.31D14:51:17.369901692,SPG_NYSE_oid1960816,KO.N,B,18,56.01,NYSE_trader1960816,18,EQUITIES_EXCH
new,2019.12.31D14:51:17.745931727,SPG_NYSE_oid1960851,KO.N,B,18,56.01,NYSE_trader1960851,18,EQUITIES_EXCH
new,2019.12.31D14:51:18.382055721,SPG_NYSE_oid1960915,KO.N,B,19,56.01,NYSE_trader1960915,19,EQUITIES_EXCH
new,2019.12.31D14:51:18.442358537,SPG_NYSE_oid1960939,KO.N,B,14,56.01,NYSE_trader1960939,14,EQUITIES_EXCH
new,2019.12.31D14:51:18.510360617,SPG_NYSE_oid1960954,KO.N,B,15,56.01,NYSE_trader1960954,15,EQUITIES_EXCH
new,2019.12.31D14:51:18.561960006,SPG_NYSE_oid1960974,KO.N,B,16,56.01,NYSE_trader1960974,16,EQUITIES_EXCH
new,2019.12.31D14:51:18.914386392,SPG_NYSE_oid1961041,KO.N,B,15,56.01,NYSE_trader1961041,15,EQUITIES_EXCH
new,2019.12.31D14:51:19.673962943,SPG_NYSE_oid1961113,KO.N,B,15,56.01,NYSE_trader1961113,15,EQUITIES_EXCH
new,2019.12.31D14:51:21.006509875,SPG_NYSE_oid1961301,KO.N,B,16,56.01,NYSE_trader1961301,16,EQUITIES_EXCH
new,2019.12.31D14:51:21.274530218,SPG_NYSE_oid1961362,KO.N,B,13,56.01,NYSE_trader1961362,13,EQUITIES_EXCH
new,2019.12.31D14:51:21.882055423,SPG_NYSE_oid1961431,KO.N,S,15,56.02,NYSE_trader1961431,15,EQUITIES_EXCH
new,2019.12.31D14:51:21.966569850,SPG_NYSE_oid1961457,KO.N,B,13,56.01,NYSE_trader1961457,13,EQUITIES_EXCH
new,2019.12.31D14:51:23.750249272,SPG_NYSE_oid1961847,KO.N,S,22,56.02,NYSE_trader1961847,22,EQUITIES_EXCH
new,2019.12.31D14:51:23.753981048,SPG_NYSE_oid1961862,KO.N,S,17,56.01,NYSE_trader1961862,17,EQUITIES_EXCH
new,2019.12.31D14:51:30.321436371,SPG_NYSE_oid1963454,KO.N,B,11,56,NYSE_trader1963454,11,EQUITIES_EXCH
new,2019.12.31D14:51:30.446083083,SPG_NYSE_oid1963506,KO.N,S,16,56.01,NYSE_trader1963506,16,EQUITIES_EXCH
new,2019.12.31D14:51:31.605567562,SPG_NYSE_oid1963730,KO.N,B,11,56,NYSE_trader1963730,11,EQUITIES_EXCH
new,2019.12.31D14:51:31.934172130,SPG_NYSE_oid1963771,KO.N,B,11,56,NYSE_trader1963771,11,EQUITIES_EXCH
new,2019.12.31D14:51:33.834312017,SPG_NYSE_oid1964048,KO.N,B,12,56,NYSE_trader1964048,12,EQUITIES_EXCH
new,2019.12.31D14:51:34.346320589,SPG_NYSE_oid1964101,KO.N,B,12,56,NYSE_trader1964101,12,EQUITIES_EXCH
new,2019.12.31D14:51:35.238379422,SPG_NYSE_oid1964207,KO.N,B,11,56,NYSE_trader1964207,11,EQUITIES_EXCH
new,2019.12.31D14:51:35.421820058,SPG_NYSE_oid1964254,KO.N,B,13,56,NYSE_trader1964254,13,EQUITIES_EXCH
new,2019.12.31D14:51:35.674404465,SPG_NYSE_oid1964342,KO.N,B,12,56,NYSE_trader1964342,12,EQUITIES_EXCH
new,2019.12.31D14:51:36.324551889,SPG_NYSE_oid1964441,KO.N,B,19,56,NYSE_trader1964441,19,EQUITIES_EXCH
new,2019.12.31D14:51:36.324705937,SPG_NYSE_oid1964460,KO.N,B,16,56.01,NYSE_trader1964460,16,EQUITIES_EXCH
new,2019.12.31D14:51:36.328742362,SPG_NYSE_oid1964475,KO.N,B,15,56.01,NYSE_trader1964475,15,EQUITIES_EXCH
new,2019.12.31D14:51:36.342446823,SPG_NYSE_oid1964496,KO.N,B,15,56.01,NYSE_trader1964496,15,EQUITIES_EXCH
new,2019.12.31D14:51:36.646460898,SPG_NYSE_oid1964565,KO.N,B,15,56.01,NYSE_trader1964565,15,EQUITIES_EXCH
new,2019.12.31D14:51:36.898488104,SPG_NYSE_oid1964595,KO.N,B,16,56.01,NYSE_trader1964595,16,EQUITIES_EXCH
new,2019.12.31D14:51:36.970486488,SPG_NYSE_oid1964618,KO.N,B,17,56.01,NYSE_trader1964618,17,EQUITIES_EXCH
new,2019.12.31D14:51:37.794045343,SPG_NYSE_oid1964717,KO.N,B,22,56.01,NYSE_trader1964717,22,EQUITIES_EXCH
new,2019.12.31D14:51:37.794105304,SPG_NYSE_oid1964733,KO.N,S,37,56.03,NYSE_trader1964733,37,EQUITIES_EXCH
new,2019.12.31D14:51:37.794224120,SPG_NYSE_oid1964749,KO.N,S,23,56.02,NYSE_trader1964749,23,EQUITIES_EXCH
new,2019.12.31D14:51:40.458145939,SPG_NYSE_oid1965236,KO.N,S,16,56.02,NYSE_trader1965236,16,EQUITIES_EXCH
new,2019.12.31D14:51:40.462088819,SPG_NYSE_oid1965253,KO.N,S,28,56.01,NYSE_trader1965253,28,EQUITIES_EXCH
new,2019.12.31D14:51:40.482696031,SPG_NYSE_oid1965293,KO.N,B,11,56,NYSE_trader1965293,11,EQUITIES_EXCH
new,2019.12.31D14:51:40.862178306,SPG_NYSE_oid1965339,KO.N,B,13,56,NYSE_trader1965339,13,EQUITIES_EXCH
new,2019.12.31D14:51:44.258963578,SPG_NYSE_oid1966140,KO.N,B,13,56,NYSE_trader1966140,13,EQUITIES_EXCH
new,2019.12.31D14:51:47.182033479,SPG_NYSE_oid1966671,KO.N,S,19,56.01,NYSE_trader1966671,19,EQUITIES_EXCH
new,2019.12.31D14:51:47.226160069,SPG_NYSE_oid1966691,KO.N,S,22,56.01,NYSE_trader1966691,22,EQUITIES_EXCH
new,2019.12.31D14:51:48.106203964,SPG_NYSE_oid1966860,KO.N,S,16,56.01,NYSE_trader1966860,16,EQUITIES_EXCH
new,2019.12.31D14:51:48.110199820,SPG_NYSE_oid1966883,KO.N,S,17,56.01,NYSE_trader1966883,17,EQUITIES_EXCH
new,2019.12.31D14:51:48.502225418,SPG_NYSE_oid1966957,KO.N,S,14,56.01,NYSE_trader1966957,14,EQUITIES_EXCH
new,2019.12.31D14:51:49.658261712,SPG_NYSE_oid1967304,KO.N,S,26,56.01,NYSE_trader1967304,26,EQUITIES_EXCH
new,2019.12.31D14:51:49.721545670,SPG_NYSE_oid1967350,KO.N,S,43,56.01,NYSE_trader1967350,43,EQUITIES_EXCH
new,2019.12.31D14:51:49.725549486,SPG_NYSE_oid1967379,KO.N,B,16,55.99,NYSE_trader1967379,16,EQUITIES_EXCH
new,2019.12.31D14:51:49.730311905,SPG_NYSE_oid1967397,KO.N,S,13,56,NYSE_trader1967397,13,EQUITIES_EXCH
new,2019.12.31D14:51:55.486669193,SPG_NYSE_oid1968223,KO.N,S,11,56,NYSE_trader1968223,11,EQUITIES_EXCH
new,2019.12.31D14:51:56.705713084,SPG_NYSE_oid1968393,KO.N,S,13,56,NYSE_trader1968393,13,EQUITIES_EXCH
new,2019.12.31D14:51:56.894749788,SPG_NYSE_oid1968431,KO.N,S,12,56,NYSE_trader1968431,12,EQUITIES_EXCH
new,2019.12.31D14:51:57.866419085,SPG_NYSE_oid1968859,KO.N,S,17,55.99,NYSE_trader1968859,17,EQUITIES_EXCH
new,2019.12.31D14:51:57.906003993,SPG_NYSE_oid1968904,KO.N,B,13,55.98,NYSE_trader1968904,13,EQUITIES_EXCH
new,2019.12.31D14:52:00.142387575,SPG_NYSE_oid1969677,KO.N,B,12,55.98,NYSE_trader1969677,12,EQUITIES_EXCH
new,2019.12.31D14:52:00.146054174,SPG_NYSE_oid1969709,KO.N,S,11,56,NYSE_trader1969709,11,EQUITIES_EXCH
new,2019.12.31D14:52:00.618980968,SPG_NYSE_oid1969856,KO.N,B,12,55.99,NYSE_trader1969856,12,EQUITIES_EXCH
new,2019.12.31D14:52:02.621181279,SPG_NYSE_oid1970152,KO.N,S,14,56.01,NYSE_trader1970152,14,EQUITIES_EXCH
new,2019.12.31D14:52:13.201801750,SPG_NYSE_oid1971426,KO.N,S,11,56.01,NYSE_trader1971426,11,EQUITIES_EXCH
new,2019.12.31D14:52:16.549968864,SPG_NYSE_oid1972281,KO.N,S,13,56.01,NYSE_trader1972281,13,EQUITIES_EXCH
new,2019.12.31D14:52:19.542209378,SPG_NYSE_oid1972913,KO.N,S,12,56.01,NYSE_trader1972913,12,EQUITIES_EXCH
new,2019.12.31D14:52:21.521287302,SPG_NYSE_oid1973230,KO.N,S,11,56.01,NYSE_trader1973230,11,EQUITIES_EXCH
new,2019.12.31D14:52:22.417290950,SPG_NYSE_oid1973420,KO.N,S,24,56.01,NYSE_trader1973420,24,EQUITIES_EXCH
new,2019.12.31D14:52:22.425242590,SPG_NYSE_oid1973442,KO.N,S,45,56,NYSE_trader1973442,45,EQUITIES_EXCH
new,2019.12.31D14:52:26.981624669,SPG_NYSE_oid1974190,KO.N,B,14,55.99,NYSE_trader1974190,14,EQUITIES_EXCH
new,2019.12.31D14:52:29.853538762,SPG_NYSE_oid1974621,KO.N,B,13,55.99,NYSE_trader1974621,13,EQUITIES_EXCH
new,2019.12.31D14:52:31.313585836,SPG_NYSE_oid1974883,KO.N,B,12,55.99,NYSE_trader1974883,12,EQUITIES_EXCH
new,2019.12.31D14:52:31.541887463,SPG_NYSE_oid1974928,KO.N,B,11,56,NYSE_trader1974928,11,EQUITIES_EXCH
new,2019.12.31D14:52:33.590001113,SPG_NYSE_oid1975494,KO.N,B,11,56,NYSE_trader1975494,11,EQUITIES_EXCH
new,2019.12.31D14:52:34.090059057,SPG_NYSE_oid1975666,KO.N,S,13,56.01,NYSE_trader1975666,13,EQUITIES_EXCH
new,2019.12.31D14:52:37.432934302,SPG_NYSE_oid1976271,KO.N,S,12,56.01,NYSE_trader1976271,12,EQUITIES_EXCH
new,2019.12.31D14:52:41.589552262,SPG_NYSE_oid1976800,KO.N,S,16,56.01,NYSE_demoTrader,16,EQUITIES_EXCH
new,2019.12.31D14:52:56.508874137,SPG_NYSE_oid1979219,KO.N,S,12,56.01,NYSE_trader1979219,12,EQUITIES_EXCH
new,2019.12.31D14:52:57.049481089,SPG_NYSE_oid1979317,KO.N,S,29,56.01,NYSE_trader1979317,29,EQUITIES_EXCH
new,2019.12.31D14:52:57.853522293,SPG_NYSE_oid1979451,KO.N,S,27,56.01,NYSE_trader1979451,27,EQUITIES_EXCH
new,2019.12.31D14:52:58.697156149,SPG_NYSE_oid1979557,KO.N,S,46,56,NYSE_trader1979557,46,EQUITIES_EXCH
new,2019.12.31D14:52:58.752904339,SPG_NYSE_oid1979588,KO.N,B,13,55.99,NYSE_trader1979588,13,EQUITIES_EXCH
new,2019.12.31D14:52:59.397137196,SPG_NYSE_oid1979816,KO.N,S,12,56,NYSE_trader1979816,12,EQUITIES_EXCH
new,2019.12.31D14:53:02.257793030,SPG_NYSE_oid1980499,KO.N,S,14,56,NYSE_trader1980499,14,EQUITIES_EXCH
new,2019.12.31D14:53:08.434191620,SPG_NYSE_oid1981032,KO.N,B,11,55.99,NYSE_trader1981032,11,EQUITIES_EXCH
new,2019.12.31D14:53:08.853710828,SPG_NYSE_oid1981120,KO.N,S,16,56.01,NYSE_trader1981120,16,EQUITIES_EXCH
new,2019.12.31D14:53:10.386308557,SPG_NYSE_oid1981428,KO.N,S,15,56.01,NYSE_trader1981428,15,EQUITIES_EXCH
new,2019.12.31D14:53:16.961137059,SPG_NYSE_oid1982816,KO.N,B,11,56,NYSE_trader1982816,11,EQUITIES_EXCH
new,2019.12.31D14:53:20.641305251,SPG_NYSE_oid1983516,KO.N,S,19,56.01,NYSE_trader1983516,19,EQUITIES_EXCH
new,2019.12.31D14:53:23.941563242,SPG_NYSE_oid1984126,KO.N,S,18,56.01,NYSE_trader1984126,18,EQUITIES_EXCH
new,2019.12.31D14:53:25.658289529,SPG_NYSE_oid1984521,KO.N,S,21,56.01,NYSE_trader1984521,21,EQUITIES_EXCH
new,2019.12.31D14:53:25.753235353,SPG_NYSE_oid1984571,KO.N,S,20,56.01,NYSE_trader1984571,20,EQUITIES_EXCH
new,2019.12.31D14:53:25.937771600,SPG_NYSE_oid1984601,KO.N,S,22,56.01,NYSE_trader1984601,22,EQUITIES_EXCH
new,2019.12.31D14:53:25.937893232,SPG_NYSE_oid1984620,KO.N,S,42,56,NYSE_trader1984620,42,EQUITIES_EXCH
new,2019.12.31D14:53:26.050311886,SPG_NYSE_oid1984648,KO.N,S,13,56,NYSE_trader1984648,13,EQUITIES_EXCH
new,2019.12.31D14:53:27.510410830,SPG_NYSE_oid1984784,KO.N,S,19,56,NYSE_trader1984784,19,EQUITIES_EXCH
new,2019.12.31D14:53:27.945429238,SPG_NYSE_oid1984873,KO.N,S,20,56,NYSE_trader1984873,20,EQUITIES_EXCH
new,2019.12.31D14:53:30.564952109,SPG_NYSE_oid1985258,KO.N,S,23,56,NYSE_trader1985258,23,EQUITIES_EXCH
new,2019.12.31D14:53:30.565017013,SPG_NYSE_oid1985275,KO.N,S,61,55.99,NYSE_trader1985275,61,EQUITIES_EXCH
new,2019.12.31D14:53:30.565564879,SPG_NYSE_oid1985296,KO.N,S,16,55.99,NYSE_trader1985296,16,EQUITIES_EXCH
new,2019.12.31D14:53:36.881021404,SPG_NYSE_oid1986136,KO.N,S,20,55.99,NYSE_trader1986136,20,EQUITIES_EXCH
new,2019.12.31D14:53:41.041236353,SPG_NYSE_oid1986674,KO.N,S,21,55.99,NYSE_trader1986674,21,EQUITIES_EXCH
new,2019.12.31D14:53:41.733281961,SPG_NYSE_oid1986760,KO.N,S,27,55.99,NYSE_trader1986760,27,EQUITIES_EXCH
new,2019.12.31D14:53:41.937338064,SPG_NYSE_oid1986812,KO.N,S,48,55.99,NYSE_trader1986812,48,EQUITIES_EXCH
new,2019.12.31D14:53:41.953393810,SPG_NYSE_oid1986907,KO.N,S,22,55.98,NYSE_trader1986907,22,EQUITIES_EXCH
new,2019.12.31D14:53:41.993335838,SPG_NYSE_oid1986946,KO.N,B,15,55.97,NYSE_trader1986946,15,EQUITIES_EXCH
new,2019.12.31D14:53:41.993562511,SPG_NYSE_oid1986969,KO.N,S,22,55.99,NYSE_trader1986969,22,EQUITIES_EXCH
new,2019.12.31D14:53:43.105761806,SPG_NYSE_oid1987139,KO.N,S,13,55.99,NYSE_trader1987139,13,EQUITIES_EXCH
new,2019.12.31D14:53:43.409375577,SPG_NYSE_oid1987190,KO.N,B,14,55.98,NYSE_trader1987190,14,EQUITIES_EXCH
new,2019.12.31D14:53:43.857415661,SPG_NYSE_oid1987239,KO.N,B,13,55.98,NYSE_trader1987239,13,EQUITIES_EXCH
new,2019.12.31D14:53:43.937430094,SPG_NYSE_oid1987280,KO.N,B,13,55.98,NYSE_trader1987280,13,EQUITIES_EXCH
new,2019.12.31D14:53:45.077488946,SPG_NYSE_oid1987384,KO.N,B,13,55.98,NYSE_trader1987384,13,EQUITIES_EXCH
new,2019.12.31D14:53:45.437482092,SPG_NYSE_oid1987491,KO.N,B,31,55.98,NYSE_trader1987491,31,EQUITIES_EXCH
new,2019.12.31D14:53:46.705386431,SPG_NYSE_oid1987614,KO.N,B,37,55.99,NYSE_trader1987614,37,EQUITIES_EXCH
new,2019.12.31D14:53:46.705568927,SPG_NYSE_oid1987629,KO.N,S,16,56,NYSE_trader1987629,16,EQUITIES_EXCH
new,2019.12.31D14:53:47.936654782,SPG_NYSE_oid1987742,KO.N,B,16,55.99,NYSE_trader1987742,16,EQUITIES_EXCH
new,2019.12.31D14:53:48.244672370,SPG_NYSE_oid1987783,KO.N,B,15,55.99,NYSE_trader1987783,15,EQUITIES_EXCH
new,2019.12.31D14:53:50.048796613,SPG_NYSE_oid1988010,KO.N,B,15,55.99,NYSE_trader1988010,15,EQUITIES_EXCH
new,2019.12.31D14:53:51.480880203,SPG_NYSE_oid1988277,KO.N,B,15,55.99,NYSE_trader1988277,15,EQUITIES_EXCH
new,2019.12.31D14:53:51.864832815,SPG_NYSE_oid1988327,KO.N,B,37,55.99,NYSE_trader1988327,37,EQUITIES_EXCH
new,2019.12.31D14:53:52.516931178,SPG_NYSE_oid1988449,KO.N,B,16,55.99,NYSE_trader1988449,16,EQUITIES_EXCH
new,2019.12.31D14:53:52.956779524,SPG_NYSE_oid1988543,KO.N,B,24,55.99,NYSE_trader1988543,24,EQUITIES_EXCH
new,2019.12.31D14:53:53.937025238,SPG_NYSE_oid1988711,KO.N,B,24,55.99,NYSE_trader1988711,24,EQUITIES_EXCH
new,2019.12.31D14:53:54.705126296,SPG_NYSE_oid1988846,KO.N,S,14,56,NYSE_trader1988846,14,EQUITIES_EXCH
new,2019.12.31D14:53:58.633289792,SPG_NYSE_oid1989447,KO.N,B,13,55.99,NYSE_trader1989447,13,EQUITIES_EXCH
new,2019.12.31D14:53:59.297361197,SPG_NYSE_oid1989495,KO.N,S,11,56,NYSE_trader1989495,11,EQUITIES_EXCH
new,2019.12.31D14:54:00.037400651,SPG_NYSE_oid1989577,KO.N,B,11,55.99,NYSE_trader1989577,11,EQUITIES_EXCH
new,2019.12.31D14:54:00.193511222,SPG_NYSE_oid1989659,KO.N,B,13,55.99,NYSE_trader1989659,13,EQUITIES_EXCH
new,2019.12.31D14:54:00.453601868,SPG_NYSE_oid1989759,KO.N,B,35,55.99,NYSE_trader1989759,35,EQUITIES_EXCH
new,2019.12.31D14:54:00.473431638,SPG_NYSE_oid1989782,KO.N,B,24,55.99,NYSE_trader1989782,24,EQUITIES_EXCH
new,2019.12.31D14:54:00.589444740,SPG_NYSE_oid1989829,KO.N,B,36,55.99,NYSE_trader1989829,36,EQUITIES_EXCH
new,2019.12.31D14:54:00.857184795,SPG_NYSE_oid1989881,KO.N,B,27,55.99,NYSE_trader1989881,27,EQUITIES_EXCH
new,2019.12.31D14:54:01.245478305,SPG_NYSE_oid1989950,KO.N,B,24,55.99,NYSE_trader1989950,24,EQUITIES_EXCH
new,2019.12.31D14:54:01.601506371,SPG_NYSE_oid1989993,KO.N,B,27,55.99,NYSE_trader1989993,27,EQUITIES_EXCH
new,2019.12.31D14:54:06.524827187,SPG_NYSE_oid1990459,KO.N,B,28,55.99,NYSE_trader1990459,28,EQUITIES_EXCH
new,2019.12.31D14:54:06.936604379,SPG_NYSE_oid1990496,KO.N,B,25,55.99,NYSE_trader1990496,25,EQUITIES_EXCH
new,2019.12.31D14:54:09.332891020,SPG_NYSE_oid1990764,KO.N,B,26,55.99,NYSE_trader1990764,26,EQUITIES_EXCH
new,2019.12.31D14:54:09.981106665,SPG_NYSE_oid1990919,KO.N,B,19,55.99,NYSE_trader1990919,19,EQUITIES_EXCH
new,2019.12.31D14:54:10.620661187,SPG_NYSE_oid1990986,KO.N,B,28,55.99,NYSE_trader1990986,28,EQUITIES_EXCH
new,2019.12.31D14:54:11.817156137,SPG_NYSE_oid1991126,KO.N,B,24,55.99,NYSE_trader1991126,24,EQUITIES_EXCH
new,2019.12.31D14:54:13.173246441,SPG_NYSE_oid1991241,KO.N,B,18,55.99,NYSE_trader1991241,18,EQUITIES_EXCH
new,2019.12.31D14:54:16.441070012,SPG_NYSE_oid1991473,KO.N,B,12,55.99,NYSE_trader1991473,12,EQUITIES_EXCH
new,2019.12.31D14:54:17.437507747,SPG_NYSE_oid1991571,KO.N,S,18,56,NYSE_trader1991571,18,EQUITIES_EXCH
new,2019.12.31D14:54:18.965599791,SPG_NYSE_oid1991714,KO.N,B,21,55.99,NYSE_trader1991714,21,EQUITIES_EXCH
new,2019.12.31D14:54:20.301694228,SPG_NYSE_oid1991867,KO.N,B,24,55.99,NYSE_trader1991867,24,EQUITIES_EXCH
new,2019.12.31D14:54:20.757712154,SPG_NYSE_oid1991911,KO.N,B,14,55.99,NYSE_trader1991911,14,EQUITIES_EXCH
new,2019.12.31D14:54:22.624524221,SPG_NYSE_oid1992367,KO.N,B,24,55.99,NYSE_trader1992367,24,EQUITIES_EXCH
new,2019.12.31D14:54:23.536634401,SPG_NYSE_oid1992578,KO.N,B,11,55.99,NYSE_trader1992578,11,EQUITIES_EXCH
new,2019.12.31D14:54:27.681134073,SPG_NYSE_oid1993445,KO.N,S,15,56,NYSE_trader1993445,15,EQUITIES_EXCH
new,2019.12.31D14:54:28.096932658,SPG_NYSE_oid1993520,KO.N,S,13,56,NYSE_trader1993520,13,EQUITIES_EXCH
new,2019.12.31D14:54:28.841201915,SPG_NYSE_oid1993606,KO.N,S,11,56,NYSE_trader1993606,11,EQUITIES_EXCH
new,2019.12.31D14:54:29.077205704,SPG_NYSE_oid1993671,KO.N,S,21,56,NYSE_trader1993671,21,EQUITIES_EXCH
new,2019.12.31D14:54:30.316698395,SPG_NYSE_oid1994107,KO.N,S,25,56,NYSE_trader1994107,25,EQUITIES_EXCH
new,2019.12.31D14:54:30.777323331,SPG_NYSE_oid1994259,KO.N,S,11,56,NYSE_trader1994259,11,EQUITIES_EXCH
new,2019.12.31D14:54:31.641097299,SPG_NYSE_oid1994418,KO.N,B,18,55.99,NYSE_trader1994418,18,EQUITIES_EXCH
new,2019.12.31D14:54:31.852769716,SPG_NYSE_oid1994538,KO.N,B,13,55.99,NYSE_trader1994538,13,EQUITIES_EXCH
new,2019.12.31D14:54:32.849450606,SPG_NYSE_oid1994702,KO.N,B,21,55.99,NYSE_trader1994702,21,EQUITIES_EXCH
new,2019.12.31D14:54:34.936908557,SPG_NYSE_oid1994943,KO.N,B,24,55.99,NYSE_trader1994943,24,EQUITIES_EXCH
new,2019.12.31D14:54:35.665646350,SPG_NYSE_oid1995054,KO.N,B,15,55.99,NYSE_trader1995054,15,EQUITIES_EXCH
new,2019.12.31D14:54:36.369080913,SPG_NYSE_oid1995264,KO.N,S,11,56.01,NYSE_trader1995264,11,EQUITIES_EXCH
new,2019.12.31D14:54:37.537241299,SPG_NYSE_oid1995403,KO.N,B,16,55.99,NYSE_trader1995403,16,EQUITIES_EXCH
new,2019.12.31D14:54:42.644883462,SPG_NYSE_oid1995985,KO.N,B,16,55.99,NYSE_trader1995985,16,EQUITIES_EXCH
new,2019.12.31D14:54:49.761395942,SPG_NYSE_oid1996611,KO.N,B,38,55.99,NYSE_trader1996611,38,EQUITIES_EXCH
new,2019.12.31D14:54:50.233554918,SPG_NYSE_oid1996656,KO.N,S,11,56.01,NYSE_trader1996656,11,EQUITIES_EXCH
new,2019.12.31D14:54:50.340897066,SPG_NYSE_oid1996676,KO.N,S,17,56.01,NYSE_trader1996676,17,EQUITIES_EXCH
new,2019.12.31D14:54:50.741093075,SPG_NYSE_oid1996762,KO.N,S,15,56.01,NYSE_trader1996762,15,EQUITIES_EXCH
new,2019.12.31D14:54:51.429213087,SPG_NYSE_oid1996881,KO.N,S,18,56.01,NYSE_trader1996881,18,EQUITIES_EXCH
new,2019.12.31D14:54:51.609208692,SPG_NYSE_oid1996941,KO.N,S,16,56.01,NYSE_trader1996941,16,EQUITIES_EXCH
new,2019.12.31D14:54:51.741640133,SPG_NYSE_oid1996975,KO.N,S,19,56.01,NYSE_trader1996975,19,EQUITIES_EXCH
new,2019.12.31D14:54:52.109123480,SPG_NYSE_oid1997024,KO.N,S,18,56.01,NYSE_trader1997024,18,EQUITIES_EXCH
new,2019.12.31D14:54:52.441684738,SPG_NYSE_oid1997081,KO.N,S,36,56.01,NYSE_trader1997081,36,EQUITIES_EXCH
new,2019.12.31D14:54:53.441246009,SPG_NYSE_oid1997256,KO.N,S,18,56.01,NYSE_trader1997256,18,EQUITIES_EXCH
new,2019.12.31D14:54:54.829845657,SPG_NYSE_oid1997461,KO.N,S,20,56.01,NYSE_trader1997461,20,EQUITIES_EXCH
new,2019.12.31D14:54:56.465685340,SPG_NYSE_oid1997740,KO.N,S,13,56.01,NYSE_trader1997740,13,EQUITIES_EXCH
new,2019.12.31D14:54:57.516020910,SPG_NYSE_oid1997938,KO.N,B,20,56,NYSE_trader1997938,20,EQUITIES_EXCH
new,2019.12.31D14:54:59.184511007,SPG_NYSE_oid1998370,KO.N,B,13,56,NYSE_trader1998370,13,EQUITIES_EXCH
new,2019.12.31D14:55:00.120186550,SPG_NYSE_oid1998476,KO.N,B,17,56,NYSE_trader1998476,17,EQUITIES_EXCH
new,2019.12.31D14:55:01.088177739,SPG_NYSE_oid1998669,KO.N,S,14,56.01,NYSE_trader1998669,14,EQUITIES_EXCH
new,2019.12.31D14:55:07.136606372,SPG_NYSE_oid1999356,KO.N,B,19,56,NYSE_trader1999356,19,EQUITIES_EXCH
new,2019.12.31D14:55:09.760947801,SPG_NYSE_oid1999821,KO.N,B,17,56,NYSE_trader1999821,17,EQUITIES_EXCH
new,2019.12.31D14:55:09.773450132,SPG_NYSE_oid1999905,KO.N,S,12,56.01,NYSE_demoTrader,12,EQUITIES_EXCH
new,2019.12.31D14:55:09.776564434,SPG_NYSE_oid1999938,KO.N,S,26,56.01,NYSE_trader1999938,26,EQUITIES_EXCH
new,2019.12.31D14:55:09.964777409,SPG_NYSE_oid2000093,KO.N,S,19,56.01,NYSE_trader2000093,19,EQUITIES_EXCH
new,2019.12.31D14:55:10.688822024,SPG_NYSE_oid2000215,KO.N,S,19,56.01,NYSE_trader2000215,19,EQUITIES_EXCH
new,2019.12.31D14:55:11.273330175,SPG_NYSE_oid2000422,KO.N,B,14,55.99,NYSE_trader2000422,14,EQUITIES_EXCH
new,2019.12.31D14:55:11.273385728,SPG_NYSE_oid2000437,KO.N,S,27,56,NYSE_trader2000437,27,EQUITIES_EXCH
new,2019.12.31D14:55:11.380847555,SPG_NYSE_oid2000471,KO.N,B,15,55.99,NYSE_trader2000471,15,EQUITIES_EXCH
new,2019.12.31D14:55:12.060764325,SPG_NYSE_oid2000668,KO.N,B,12,55.99,NYSE_trader2000668,12,EQUITIES_EXCH
new,2019.12.31D14:55:12.172951850,SPG_NYSE_oid2000704,KO.N,S,19,56,NYSE_trader2000704,19,EQUITIES_EXCH
new,2019.12.31D14:55:12.544808239,SPG_NYSE_oid2000766,KO.N,S,11,56,NYSE_trader2000766,11,EQUITIES_EXCH
new,2019.12.31D14:55:12.960974889,SPG_NYSE_oid2000822,KO.N,S,11,56,NYSE_trader2000822,11,EQUITIES_EXCH
new,2019.12.31D14:55:14.696218184,SPG_NYSE_oid2001126,KO.N,S,24,56,NYSE_trader2001126,24,EQUITIES_EXCH
new,2019.12.31D14:55:14.839916544,SPG_NYSE_oid2001156,KO.N,B,17,55.98,NYSE_trader2001156,17,EQUITIES_EXCH
new,2019.12.31D14:55:19.588052325,SPG_NYSE_oid2001809,KO.N,S,39,56,NYSE_trader2001809,39,EQUITIES_EXCH
new,2019.12.31D14:55:19.668368927,SPG_NYSE_oid2001841,KO.N,S,13,56,NYSE_trader2001841,13,EQUITIES_EXCH
new,2019.12.31D14:55:20.296243922,SPG_NYSE_oid2001907,KO.N,S,12,56,NYSE_trader2001907,12,EQUITIES_EXCH
new,2019.12.31D14:55:20.596391230,SPG_NYSE_oid2001943,KO.N,S,13,56,NYSE_trader2001943,13,EQUITIES_EXCH
new,2019.12.31D14:55:20.616435289,SPG_NYSE_oid2001958,KO.N,S,13,56,NYSE_trader2001958,13,EQUITIES_EXCH
new,2019.12.31D14:55:21.520127124,SPG_NYSE_oid2002075,KO.N,B,14,55.99,NYSE_trader2002075,14,EQUITIES_EXCH
new,2019.12.31D14:55:22.912564965,SPG_NYSE_oid2002302,KO.N,B,16,55.99,NYSE_trader2002302,16,EQUITIES_EXCH
new,2019.12.31D14:55:24.940739116,SPG_NYSE_oid2002786,KO.N,B,23,55.99,NYSE_trader2002786,23,EQUITIES_EXCH
new,2019.12.31D14:55:25.713157698,SPG_NYSE_oid2003030,KO.N,B,20,55.99,NYSE_trader2003030,20,EQUITIES_EXCH
new,2019.12.31D14:55:25.784766034,SPG_NYSE_oid2003082,KO.N,B,22,55.99,NYSE_trader2003082,22,EQUITIES_EXCH
new,2019.12.31D14:55:26.612779551,SPG_NYSE_oid2003272,KO.N,B,23,55.99,NYSE_trader2003272,23,EQUITIES_EXCH
new,2019.12.31D14:55:29.116971745,SPG_NYSE_oid2003651,KO.N,B,19,55.99,NYSE_trader2003651,19,EQUITIES_EXCH
new,2019.12.31D14:55:30.093027016,SPG_NYSE_oid2003799,KO.N,B,18,55.99,NYSE_trader2003799,18,EQUITIES_EXCH
new,2019.12.31D14:55:30.996873318,SPG_NYSE_oid2003961,KO.N,B,23,55.99,NYSE_trader2003961,23,EQUITIES_EXCH
new,2019.12.31D14:55:34.660320685,SPG_NYSE_oid2004487,KO.N,B,18,55.99,NYSE_trader2004487,18,EQUITIES_EXCH
new,2019.12.31D14:55:35.600394895,SPG_NYSE_oid2004746,KO.N,B,24,55.99,NYSE_trader2004746,24,EQUITIES_EXCH
new,2019.12.31D14:55:37.152486706,SPG_NYSE_oid2004904,KO.N,B,15,55.99,NYSE_trader2004904,15,EQUITIES_EXCH
new,2019.12.31D14:55:41.368489495,SPG_NYSE_oid2005399,KO.N,B,45,55.99,NYSE_trader2005399,45,EQUITIES_EXCH
new,2019.12.31D14:55:41.372212151,SPG_NYSE_oid2005416,KO.N,B,31,56,NYSE_trader2005416,31,EQUITIES_EXCH
new,2019.12.31D14:55:41.392740059,SPG_NYSE_oid2005431,KO.N,S,17,56.01,NYSE_trader2005431,17,EQUITIES_EXCH
new,2019.12.31D14:55:41.484748774,SPG_NYSE_oid2005466,KO.N,B,17,56,NYSE_trader2005466,17,EQUITIES_EXCH
new,2019.12.31D14:55:41.600754428,SPG_NYSE_oid2005526,KO.N,S,14,56.01,NYSE_trader2005526,14,EQUITIES_EXCH
new,2019.12.31D14:55:42.084793574,SPG_NYSE_oid2005620,KO.N,B,13,56,NYSE_trader2005620,13,EQUITIES_EXCH
new,2019.12.31D14:55:43.064200227,SPG_NYSE_oid2005723,KO.N,S,15,56.01,NYSE_trader2005723,15,EQUITIES_EXCH
