eventType,eventTimestamp,orderID,instrumentID,side,quantity,price,trader,leavesQuantity,assetClass,,,,,,,,,,,,,,,,,,,,,,,,,,,,,,,,,,,,,,,,,,,,,,,,,,,,,,,,,,,,,,,,,,,,,,,,,,,
new,2015.05.01D21:30:29.290000000,BAS_OrderID101,BAS1,B,100,1,FDUUID,100,COMM_EXCH,,,,,,,,,,,,,,,,,,,,,,,,,,,,,,,,,,,,,,,,,,,,,,,,,,,,,,,,,,,,,,,,,,,,,,,,,,,
new,2015.05.01D21:31:29.290000000,BAS_OrderID102,BAS1,B,100,1.01,FDUUID,100,COMM_EXCH,,,,,,,,,,,,,,,,,,,,,,,,,,,,,,,,,,,,,,,,,,,,,,,,,,,,,,,,,,,,,,,,,,,,,,,,,,,
new,2015.05.01D21:32:30.300000000,BAS_OrderID103,BAS1,B,100,1.02,FDUUID,100,COMM_EXCH,,,,,,,,,,,,,,,,,,,,,,,,,,,,,,,,,,,,,,,,,,,,,,,,,,,,,,,,,,,,,,,,,,,,,,,,,,,
new,2015.05.01D21:33:30.300000000,BAS_OrderID104,BAS1,B,100,1.03,FDUUID,100,COMM_EXCH,,,,,,,,,,,,,,,,,,,,,,,,,,,,,,,,,,,,,,,,,,,,,,,,,,,,,,,,,,,,,,,,,,,,,,,,,,,
new,2015.05.01D21:34:31.310000000,BAS_OrderID105,BAS1,B,100,1.04,FDUUID,100,COMM_EXCH,,,,,,,,,,,,,,,,,,,,,,,,,,,,,,,,,,,,,,,,,,,,,,,,,,,,,,,,,,,,,,,,,,,,,,,,,,,
new,2015.05.01D21:35:00.000000000,BAS_OrderID_Internal1_B,BAS1,B,10,1.05,FDUUID,10,COMM_EXCH,,,,,,,,,,,,,,,,,,,,,,,,,,,,,,,,,,,,,,,,,,,,,,,,,,,,,,,,,,,,,,,,,,,,,,,,,,,
new,2015.05.01D21:35:00.000000000,BAS_OrderID_Internal1_B,BAS1,B,10,1.05,FDUUID,10,COMM_EXCH,,,,,,,,,,,,,,,,,,,,,,,,,,,,,,,,,,,,,,,,,,,,,,,,,,,,,,,,,,,,,,,,,,,,,,,,,,,
new,2015.05.01D21:35:00.000000000,BAS_OrderID_Internal1_S,BAS1,S,10,1.05,FDUUID,10,COMM_EXCH,,,,,,,,,,,,,,,,,,,,,,,,,,,,,,,,,,,,,,,,,,,,,,,,,,,,,,,,,,,,,,,,,,,,,,,,,,,
new,2015.05.01D21:35:00.000000000,BAS_OrderID_Internal1_S,BAS1,S,10,1.05,FDUUID,10,COMM_EXCH,,,,,,,,,,,,,,,,,,,,,,,,,,,,,,,,,,,,,,,,,,,,,,,,,,,,,,,,,,,,,,,,,,,,,,,,,,,
new,2015.05.01D21:35:31.310000000,BAS_OrderID106,BAS1,S,15,1.05,FDUUID,15,COMM_EXCH,,,,,,,,,,,,,,,,,,,,,,,,,,,,,,,,,,,,,,,,,,,,,,,,,,,,,,,,,,,,,,,,,,,,,,,,,,,
new,2015.05.01D21:36:33.330000000,BAS_OrderID107,BAS1,S,20,1.06,FDUUID,20,COMM_EXCH,,,,,,,,,,,,,,,,,,,,,,,,,,,,,,,,,,,,,,,,,,,,,,,,,,,,,,,,,,,,,,,,,,,,,,,,,,,
new,2015.05.01D21:37:34.340000000,BAS_OrderID108,BAS1,S,25,1.07,FDUUID,25,COMM_EXCH,,,,,,,,,,,,,,,,,,,,,,,,,,,,,,,,,,,,,,,,,,,,,,,,,,,,,,,,,,,,,,,,,,,,,,,,,,,
filled,2015.05.01D21:38:00.000000000,BAS_OrderID_Internal1_B,BAS1,B,10,1.05,FDUUID,0,COMM_EXCH,,,,,,,,,,,,,,,,,,,,,,,,,,,,,,,,,,,,,,,,,,,,,,,,,,,,,,,,,,,,,,,,,,,,,,,,,,,
filled,2015.05.01D21:38:00.000000000,BAS_OrderID_Internal1_S,BAS1,S,10,1.05,FDUUID,0,COMM_EXCH,,,,,,,,,,,,,,,,,,,,,,,,,,,,,,,,,,,,,,,,,,,,,,,,,,,,,,,,,,,,,,,,,,,,,,,,,,,
partiallyFilled,2015.05.01D21:38:15.000000000,BAS_OrderID105,BAS1,B,100,1.04,FDUUID,75,COMM_EXCH,,,,,,,,,,,,,,,,,,,,,,,,,,,,,,,,,,,,,,,,,,,,,,,,,,,,,,,,,,,,,,,,,,,,,,,,,,,
filled,2015.05.01D21:38:35.350000000,BAS_OrderID106,BAS1,S,15,1.05,FDUUID,0,COMM_EXCH,,,,,,,,,,,,,,,,,,,,,,,,,,,,,,,,,,,,,,,,,,,,,,,,,,,,,,,,,,,,,,,,,,,,,,,,,,,
filled,2015.05.01D21:39:36.360000000,BAS_OrderID107,BAS1,S,20,1.06,FDUUID,0,COMM_EXCH,,,,,,,,,,,,,,,,,,,,,,,,,,,,,,,,,,,,,,,,,,,,,,,,,,,,,,,,,,,,,,,,,,,,,,,,,,,
cancelled,2015.05.01D21:41:38.380000000,BAS_OrderID102,BAS1,B,100,1.01,FDUUID,100,COMM_EXCH,,,,,,,,,,,,,,,,,,,,,,,,,,,,,,,,,,,,,,,,,,,,,,,,,,,,,,,,,,,,,,,,,,,,,,,,,,,
cancelled,2015.05.01D21:42:39.390000000,BAS_OrderID103,BAS1,B,100,1.02,FDUUID,100,COMM_EXCH,,,,,,,,,,,,,,,,,,,,,,,,,,,,,,,,,,,,,,,,,,,,,,,,,,,,,,,,,,,,,,,,,,,,,,,,,,,
cancelled,2015.05.01D21:43:40.400000000,BAS_OrderID104,BAS1,B,100,1.03,FDUUID,100,COMM_EXCH,,,,,,,,,,,,,,,,,,,,,,,,,,,,,,,,,,,,,,,,,,,,,,,,,,,,,,,,,,,,,,,,,,,,,,,,,,,
cancelled,2015.05.01D21:44:41.410000000,BAS_OrderID105,BAS1,B,100,1.04,FDUUID,75,COMM_EXCH,,,,,,,,,,,,,,,,,,,,,,,,,,,,,,,,,,,,,,,,,,,,,,,,,,,,,,,,,,,,,,,,,,,,,,,,,,,
cancelled,2015.05.01D23:59:59.000000000,BAS_OrderID101,BAS1,B,100,1,FDUUID,100,COMM_EXCH,,,,,,,,,,,,,,,,,,,,,,,,,,,,,,,,,,,,,,,,,,,,,,,,,,,,,,,,,,,,,,,,,,,,,,,,,,,
cancelled,2015.05.01D23:59:59.000000000,BAS_OrderID108,BAS1,S,25,1.07,FDUUID,25,COMM_EXCH,,,,,,,,,,,,,,,,,,,,,,,,,,,,,,,,,,,,,,,,,,,,,,,,,,,,,,,,,,,,,,,,,,,,,,,,,,,
new,2015.05.01D21:30:29.290000000,BAS_OrderID201,BAS2,B,100,1,FDUUID,100,COMM_EXCH,,,,,,,,,,,,,,,,,,,,,,,,,,,,,,,,,,,,,,,,,,,,,,,,,,,,,,,,,,,,,,,,,,,,,,,,,,,
new,2015.05.01D21:31:29.290000000,BAS_OrderID202,BAS2,B,100,1.01,FDUUID,100,COMM_EXCH,,,,,,,,,,,,,,,,,,,,,,,,,,,,,,,,,,,,,,,,,,,,,,,,,,,,,,,,,,,,,,,,,,,,,,,,,,,
new,2015.05.01D21:32:30.300000000,BAS_OrderID203,BAS2,B,100,1.02,FDUUID,100,COMM_EXCH,,,,,,,,,,,,,,,,,,,,,,,,,,,,,,,,,,,,,,,,,,,,,,,,,,,,,,,,,,,,,,,,,,,,,,,,,,,
new,2015.05.01D21:33:30.300000000,BAS_OrderID204,BAS2,B,100,1.03,FDUUID,100,COMM_EXCH,,,,,,,,,,,,,,,,,,,,,,,,,,,,,,,,,,,,,,,,,,,,,,,,,,,,,,,,,,,,,,,,,,,,,,,,,,,
new,2015.05.01D21:34:31.310000000,BAS_OrderID205,BAS2,B,100,1.04,FDUUID,100,COMM_EXCH,,,,,,,,,,,,,,,,,,,,,,,,,,,,,,,,,,,,,,,,,,,,,,,,,,,,,,,,,,,,,,,,,,,,,,,,,,,
new,2015.05.01D21:35:00.000000000,BAS_OrderID_Internal2_B,BAS2,B,10,1.05,FDUUID,10,COMM_EXCH,,,,,,,,,,,,,,,,,,,,,,,,,,,,,,,,,,,,,,,,,,,,,,,,,,,,,,,,,,,,,,,,,,,,,,,,,,,
new,2015.05.01D21:35:00.000000000,BAS_OrderID_Internal2_B,BAS2,B,10,1.05,FDUUID,10,COMM_EXCH,,,,,,,,,,,,,,,,,,,,,,,,,,,,,,,,,,,,,,,,,,,,,,,,,,,,,,,,,,,,,,,,,,,,,,,,,,,
new,2015.05.01D21:35:00.000000000,BAS_OrderID_Internal2_S,BAS2,S,10,1.05,FDUUID,10,COMM_EXCH,,,,,,,,,,,,,,,,,,,,,,,,,,,,,,,,,,,,,,,,,,,,,,,,,,,,,,,,,,,,,,,,,,,,,,,,,,,
new,2015.05.01D21:35:00.000000000,BAS_OrderID_Internal2_S,BAS2,S,10,1.05,FDUUID,10,COMM_EXCH,,,,,,,,,,,,,,,,,,,,,,,,,,,,,,,,,,,,,,,,,,,,,,,,,,,,,,,,,,,,,,,,,,,,,,,,,,,
new,2015.05.01D21:35:31.310000000,BAS_OrderID206,BAS2,S,15,1.05,FDUUID,15,COMM_EXCH,,,,,,,,,,,,,,,,,,,,,,,,,,,,,,,,,,,,,,,,,,,,,,,,,,,,,,,,,,,,,,,,,,,,,,,,,,,
new,2015.05.01D21:36:33.330000000,BAS_OrderID207,BAS2,S,20,1.06,FDUUID,20,COMM_EXCH,,,,,,,,,,,,,,,,,,,,,,,,,,,,,,,,,,,,,,,,,,,,,,,,,,,,,,,,,,,,,,,,,,,,,,,,,,,
new,2015.05.01D21:37:34.340000000,BAS_OrderID208,BAS2,S,25,1.07,FDUUID,25,COMM_EXCH,,,,,,,,,,,,,,,,,,,,,,,,,,,,,,,,,,,,,,,,,,,,,,,,,,,,,,,,,,,,,,,,,,,,,,,,,,,
filled,2015.05.01D21:38:00.000000000,BAS_OrderID_Internal2_B,BAS2,B,10,1.05,FDUUID,0,COMM_EXCH,,,,,,,,,,,,,,,,,,,,,,,,,,,,,,,,,,,,,,,,,,,,,,,,,,,,,,,,,,,,,,,,,,,,,,,,,,,
filled,2015.05.01D21:38:00.000000000,BAS_OrderID_Internal2_S,BAS2,S,10,1.05,FDUUID,0,COMM_EXCH,,,,,,,,,,,,,,,,,,,,,,,,,,,,,,,,,,,,,,,,,,,,,,,,,,,,,,,,,,,,,,,,,,,,,,,,,,,
partiallyFilled,2015.05.01D21:38:15.000000000,BAS_OrderID205,BAS2,B,100,1.06,FDUUID,75,COMM_EXCH,,,,,,,,,,,,,,,,,,,,,,,,,,,,,,,,,,,,,,,,,,,,,,,,,,,,,,,,,,,,,,,,,,,,,,,,,,,
filled,2015.05.01D21:38:35.350000000,BAS_OrderID206,BAS2,S,15,1.05,FDUUID,0,COMM_EXCH,,,,,,,,,,,,,,,,,,,,,,,,,,,,,,,,,,,,,,,,,,,,,,,,,,,,,,,,,,,,,,,,,,,,,,,,,,,
filled,2015.05.01D21:39:36.360000000,BAS_OrderID207,BAS2,S,20,1.06,FDUUID,0,COMM_EXCH,,,,,,,,,,,,,,,,,,,,,,,,,,,,,,,,,,,,,,,,,,,,,,,,,,,,,,,,,,,,,,,,,,,,,,,,,,,
cancelled,2015.05.01D21:41:38.380000000,BAS_OrderID202,BAS2,B,100,1.01,FDUUID,100,COMM_EXCH,,,,,,,,,,,,,,,,,,,,,,,,,,,,,,,,,,,,,,,,,,,,,,,,,,,,,,,,,,,,,,,,,,,,,,,,,,,
cancelled,2015.05.01D21:42:39.390000000,BAS_OrderID203,BAS2,B,100,1.02,FDUUID,100,COMM_EXCH,,,,,,,,,,,,,,,,,,,,,,,,,,,,,,,,,,,,,,,,,,,,,,,,,,,,,,,,,,,,,,,,,,,,,,,,,,,
cancelled,2015.05.01D21:43:40.400000000,BAS_OrderID204,BAS2,B,100,1.03,FDUUID,100,COMM_EXCH,,,,,,,,,,,,,,,,,,,,,,,,,,,,,,,,,,,,,,,,,,,,,,,,,,,,,,,,,,,,,,,,,,,,,,,,,,,
cancelled,2015.05.01D21:44:41.410000000,BAS_OrderID205,BAS2,B,100,1.04,FDUUID,75,COMM_EXCH,,,,,,,,,,,,,,,,,,,,,,,,,,,,,,,,,,,,,,,,,,,,,,,,,,,,,,,,,,,,,,,,,,,,,,,,,,,
cancelled,2015.05.01D23:59:59.000000000,BAS_OrderID201,BAS2,B,100,1,FDUUID,100,COMM_EXCH,,,,,,,,,,,,,,,,,,,,,,,,,,,,,,,,,,,,,,,,,,,,,,,,,,,,,,,,,,,,,,,,,,,,,,,,,,,
cancelled,2015.05.01D23:59:59.000000000,BAS_OrderID208,BAS2,S,25,1.07,FDUUID,25,COMM_EXCH,,,,,,,,,,,,,,,,,,,,,,,,,,,,,,,,,,,,,,,,,,,,,,,,,,,,,,,,,,,,,,,,,,,,,,,,,,,
new,2015.05.01D21:30:29.290000000,BAS/1000011,BHP,B,100,1,REF_FDTRADER2,100,RATES_EXCH,,,,,,,,,,,,,,,,,,,,,,,,,,,,,,,,,,,,,,,,,,,,,,,,,,,,,,,,,,,,,,,,,,,,,,,,,,,
new,2015.05.01D21:31:29.290000000,BAS/1000012,BHP,B,100,1.01,REF_FDTRADER2,100,RATES_EXCH,,,,,,,,,,,,,,,,,,,,,,,,,,,,,,,,,,,,,,,,,,,,,,,,,,,,,,,,,,,,,,,,,,,,,,,,,,,
new,2015.05.01D21:32:30.300000000,BAS/1000013,BHP,B,100,1.02,REF_FDTRADER2,100,RATES_EXCH,,,,,,,,,,,,,,,,,,,,,,,,,,,,,,,,,,,,,,,,,,,,,,,,,,,,,,,,,,,,,,,,,,,,,,,,,,,
new,2015.05.01D21:33:30.300000000,BAS/1000014,BHP,B,100,1.03,REF_FDTRADER2,100,RATES_EXCH,,,,,,,,,,,,,,,,,,,,,,,,,,,,,,,,,,,,,,,,,,,,,,,,,,,,,,,,,,,,,,,,,,,,,,,,,,,
new,2015.05.01D21:34:31.310000000,BAS/1000015,BHP,B,100,1.04,REF_FDTRADER2,100,RATES_EXCH,,,,,,,,,,,,,,,,,,,,,,,,,,,,,,,,,,,,,,,,,,,,,,,,,,,,,,,,,,,,,,,,,,,,,,,,,,,
new,2015.05.01D21:35:31.310000000,BAS/1000016,BHP,S,15,1.06,REF_FDTRADER2,15,RATES_EXCH,,,,,,,,,,,,,,,,,,,,,,,,,,,,,,,,,,,,,,,,,,,,,,,,,,,,,,,,,,,,,,,,,,,,,,,,,,,
new,2015.05.01D21:36:33.330000000,BAS/1000017,BHP,S,20,1.06,REF_FDTRADER2,20,RATES_EXCH,,,,,,,,,,,,,,,,,,,,,,,,,,,,,,,,,,,,,,,,,,,,,,,,,,,,,,,,,,,,,,,,,,,,,,,,,,,
new,2015.05.01D21:37:34.340000000,BAS/1000018,BHP,S,25,1.07,REF_FDTRADER2,25,RATES_EXCH,,,,,,,,,,,,,,,,,,,,,,,,,,,,,,,,,,,,,,,,,,,,,,,,,,,,,,,,,,,,,,,,,,,,,,,,,,,
filled,2015.05.01D21:38:35.350000000,BAS/1000016,BHP,S,15,1.06,REF_FDTRADER2,0,RATES_EXCH,,,,,,,,,,,,,,,,,,,,,,,,,,,,,,,,,,,,,,,,,,,,,,,,,,,,,,,,,,,,,,,,,,,,,,,,,,,
filled,2015.05.01D21:39:36.360000000,BAS/1000017,BHP,S,20,1.06,REF_FDTRADER2,0,RATES_EXCH,,,,,,,,,,,,,,,,,,,,,,,,,,,,,,,,,,,,,,,,,,,,,,,,,,,,,,,,,,,,,,,,,,,,,,,,,,,
cancelled,2015.05.01D21:41:38.380000000,BAS/1000012,BHP,B,100,1.11,REF_FDTRADER2,100,RATES_EXCH,,,,,,,,,,,,,,,,,,,,,,,,,,,,,,,,,,,,,,,,,,,,,,,,,,,,,,,,,,,,,,,,,,,,,,,,,,,
cancelled,2015.05.01D21:42:39.390000000,BAS/1000013,BHP,B,100,1.12,REF_FDTRADER2,100,RATES_EXCH,,,,,,,,,,,,,,,,,,,,,,,,,,,,,,,,,,,,,,,,,,,,,,,,,,,,,,,,,,,,,,,,,,,,,,,,,,,
cancelled,2015.05.01D21:43:40.400000000,BAS/1000014,BHP,B,100,1.13,REF_FDTRADER2,100,RATES_EXCH,,,,,,,,,,,,,,,,,,,,,,,,,,,,,,,,,,,,,,,,,,,,,,,,,,,,,,,,,,,,,,,,,,,,,,,,,,,
cancelled,2015.05.01D21:44:41.410000000,BAS/1000015,BHP,B,100,1.14,REF_FDTRADER2,100,RATES_EXCH,,,,,,,,,,,,,,,,,,,,,,,,,,,,,,,,,,,,,,,,,,,,,,,,,,,,,,,,,,,,,,,,,,,,,,,,,,,
cancelled,2015.05.01D23:59:59.000000000,BAS/1000011,BHP,B,100,1,REF_FDTRADER2,100,RATES_EXCH,,,,,,,,,,,,,,,,,,,,,,,,,,,,,,,,,,,,,,,,,,,,,,,,,,,,,,,,,,,,,,,,,,,,,,,,,,,
cancelled,2015.05.01D23:59:59.000000000,BAS/1000018,BHP,S,25,1.07,REF_FDTRADER2,25,RATES_EXCH,,,,,,,,,,,,,,,,,,,,,,,,,,,,,,,,,,,,,,,,,,,,,,,,,,,,,,,,,,,,,,,,,,,,,,,,,,,
new,2015.05.01D20:30:29.002000000,BAS/1000001,SUBID1,B,100,1,REF_FDTRADER1,100,COMM_EXCH,,,,,,,,,,,,,,,,,,,,,,,,,,,,,,,,,,,,,,,,,,,,,,,,,,,,,,,,,,,,,,,,,,,,,,,,,,,
new,2015.05.01D20:31:29.003000000,BAS/1000002,SUBID1,B,100,1.01,REF_FDTRADER1,100,COMM_EXCH,,,,,,,,,,,,,,,,,,,,,,,,,,,,,,,,,,,,,,,,,,,,,,,,,,,,,,,,,,,,,,,,,,,,,,,,,,,
new,2015.05.01D20:32:30.002000000,BAS/1000003,SUBID1,B,100,1.02,REF_FDTRADER1,100,COMM_EXCH,,,,,,,,,,,,,,,,,,,,,,,,,,,,,,,,,,,,,,,,,,,,,,,,,,,,,,,,,,,,,,,,,,,,,,,,,,,
new,2015.05.01D20:33:30.003000000,BAS/1000004,SUBID1,B,100,1.03,REF_FDTRADER1,100,COMM_EXCH,,,,,,,,,,,,,,,,,,,,,,,,,,,,,,,,,,,,,,,,,,,,,,,,,,,,,,,,,,,,,,,,,,,,,,,,,,,
new,2015.05.01D20:34:31.002000000,BAS/1000005,SUBID1,B,100,1.04,REF_FDTRADER1,100,COMM_EXCH,,,,,,,,,,,,,,,,,,,,,,,,,,,,,,,,,,,,,,,,,,,,,,,,,,,,,,,,,,,,,,,,,,,,,,,,,,,
new,2015.05.01D20:35:31.002000000,BAS/1000006,SUBID1,S,15,1.06,REF_FDTRADER1,15,COMM_EXCH,,,,,,,,,,,,,,,,,,,,,,,,,,,,,,,,,,,,,,,,,,,,,,,,,,,,,,,,,,,,,,,,,,,,,,,,,,,
new,2015.05.01D20:36:33.002000000,BAS/1000007,SUBID1,S,20,1.06,REF_FDTRADER1,20,COMM_EXCH,,,,,,,,,,,,,,,,,,,,,,,,,,,,,,,,,,,,,,,,,,,,,,,,,,,,,,,,,,,,,,,,,,,,,,,,,,,
new,2015.05.01D20:37:34.002000000,BAS/1000008,SUBID1,S,25,1.07,REF_FDTRADER1,25,COMM_EXCH,,,,,,,,,,,,,,,,,,,,,,,,,,,,,,,,,,,,,,,,,,,,,,,,,,,,,,,,,,,,,,,,,,,,,,,,,,,
filled,2015.05.01D20:38:35.002000000,BAS/1000006,SUBID1,S,15,1.06,REF_FDTRADER1,0,COMM_EXCH,,,,,,,,,,,,,,,,,,,,,,,,,,,,,,,,,,,,,,,,,,,,,,,,,,,,,,,,,,,,,,,,,,,,,,,,,,,
filled,2015.05.01D20:39:36.002000000,BAS/1000007,SUBID1,S,20,1.06,REF_FDTRADER1,0,COMM_EXCH,,,,,,,,,,,,,,,,,,,,,,,,,,,,,,,,,,,,,,,,,,,,,,,,,,,,,,,,,,,,,,,,,,,,,,,,,,,
cancelled,2015.05.01D20:41:38.002000000,BAS/1000002,SUBID1,B,100,1.11,REF_FDTRADER1,100,COMM_EXCH,,,,,,,,,,,,,,,,,,,,,,,,,,,,,,,,,,,,,,,,,,,,,,,,,,,,,,,,,,,,,,,,,,,,,,,,,,,
cancelled,2015.05.01D20:42:39.002000000,BAS/1000003,SUBID1,B,100,1.12,REF_FDTRADER1,100,COMM_EXCH,,,,,,,,,,,,,,,,,,,,,,,,,,,,,,,,,,,,,,,,,,,,,,,,,,,,,,,,,,,,,,,,,,,,,,,,,,,
cancelled,2015.05.01D20:43:40.002000000,BAS/1000004,SUBID1,B,100,1.13,REF_FDTRADER1,100,COMM_EXCH,,,,,,,,,,,,,,,,,,,,,,,,,,,,,,,,,,,,,,,,,,,,,,,,,,,,,,,,,,,,,,,,,,,,,,,,,,,
cancelled,2015.05.01D20:44:41.002000000,BAS/1000005,SUBID1,B,100,1.14,REF_FDTRADER1,100,COMM_EXCH,,,,,,,,,,,,,,,,,,,,,,,,,,,,,,,,,,,,,,,,,,,,,,,,,,,,,,,,,,,,,,,,,,,,,,,,,,,
cancelled,2015.05.01D23:59:59.000000000,BAS/1000001,SUBID1,B,100,1,REF_FDTRADER1,100,COMM_EXCH,,,,,,,,,,,,,,,,,,,,,,,,,,,,,,,,,,,,,,,,,,,,,,,,,,,,,,,,,,,,,,,,,,,,,,,,,,,
cancelled,2015.05.01D23:59:59.000000000,BAS/1000008,SUBID1,S,25,1.07,REF_FDTRADER1,25,COMM_EXCH,,,,,,,,,,,,,,,,,,,,,,,,,,,,,,,,,,,,,,,,,,,,,,,,,,,,,,,,,,,,,,,,,,,,,,,,,,,
new,2015.05.01D15:00:01.000000000,BAS_S2_OrderID1B,bsSym2,B,100,5.0001,bsTrader2,100,COMM_EXCH,,,,,,,,,,,,,,,,,,,,,,,,,,,,,,,,,,,,,,,,,,,,,,,,,,,,,,,,,,,,,,,,,,,,,,,,,,,
new,2015.05.01D15:00:01.000000000,BAS_S2_OrderID1S,bsSym2,S,120,5.0005,bsTrader2,120,COMM_EXCH,,,,,,,,,,,,,,,,,,,,,,,,,,,,,,,,,,,,,,,,,,,,,,,,,,,,,,,,,,,,,,,,,,,,,,,,,,,
new,2015.05.01D15:00:01.000000000,BAS_S2_OrderIDOther,bsSym2,B,100,5.0005,otherTDR,100,COMM_EXCH,,,,,,,,,,,,,,,,,,,,,,,,,,,,,,,,,,,,,,,,,,,,,,,,,,,,,,,,,,,,,,,,,,,,,,,,,,,
new,2015.05.01D15:00:02.000000000,BAS_S2_OrderID2,bsSym2,B,150,5.0007,bsTrader2,150,COMM_EXCH,,,,,,,,,,,,,,,,,,,,,,,,,,,,,,,,,,,,,,,,,,,,,,,,,,,,,,,,,,,,,,,,,,,,,,,,,,,
new,2015.05.01D15:00:03.000000000,BAS_S2_OrderID3,bsSym2,B,200,5.0008,bsTrader2,200,COMM_EXCH,,,,,,,,,,,,,,,,,,,,,,,,,,,,,,,,,,,,,,,,,,,,,,,,,,,,,,,,,,,,,,,,,,,,,,,,,,,
new,2015.05.01D15:00:04.000000000,BAS_S2_OrderID4,bsSym2,B,250,5.0009,bsTrader2,250,COMM_EXCH,,,,,,,,,,,,,,,,,,,,,,,,,,,,,,,,,,,,,,,,,,,,,,,,,,,,,,,,,,,,,,,,,,,,,,,,,,,
new,2015.05.01D15:00:05.000000000,BAS_S2_OrderID5,bsSym2,B,300,5.0011,bsTrader2,300,COMM_EXCH,,,,,,,,,,,,,,,,,,,,,,,,,,,,,,,,,,,,,,,,,,,,,,,,,,,,,,,,,,,,,,,,,,,,,,,,,,,
new,2015.05.01D15:00:06.000000000,BAS_S2_OrderID6,bsSym2,B,350,5.0012,bsTrader2,350,COMM_EXCH,,,,,,,,,,,,,,,,,,,,,,,,,,,,,,,,,,,,,,,,,,,,,,,,,,,,,,,,,,,,,,,,,,,,,,,,,,,
new,2015.05.01D15:00:07.000000000,BAS_S2_OrderID7,bsSym2,B,400,5.0013,bsTrader2,400,COMM_EXCH,,,,,,,,,,,,,,,,,,,,,,,,,,,,,,,,,,,,,,,,,,,,,,,,,,,,,,,,,,,,,,,,,,,,,,,,,,,
new,2015.05.01D15:00:08.000000000,BAS_S2_OrderID8,bsSym2,B,100,5.0001,bsTrader2,100,COMM_EXCH,,,,,,,,,,,,,,,,,,,,,,,,,,,,,,,,,,,,,,,,,,,,,,,,,,,,,,,,,,,,,,,,,,,,,,,,,,,
new,2015.05.01D15:00:09.000000000,BAS_S2_OrderID9,bsSym2,B,100,5.0001,bsTrader2,100,COMM_EXCH,,,,,,,,,,,,,,,,,,,,,,,,,,,,,,,,,,,,,,,,,,,,,,,,,,,,,,,,,,,,,,,,,,,,,,,,,,,
new,2015.05.01D15:00:10.000000000,BAS_S2_OrderID10,bsSym2,B,100,5.0001,bsTrader2,100,COMM_EXCH,,,,,,,,,,,,,,,,,,,,,,,,,,,,,,,,,,,,,,,,,,,,,,,,,,,,,,,,,,,,,,,,,,,,,,,,,,,
cancelled,2015.05.01D15:00:11.000000000,BAS_S2_OrderID1B,bsSym2,B,100,5.0001,bsTrader2,100,COMM_EXCH,,,,,,,,,,,,,,,,,,,,,,,,,,,,,,,,,,,,,,,,,,,,,,,,,,,,,,,,,,,,,,,,,,,,,,,,,,,
cancelled,2015.05.01D15:00:12.000000000,BAS_S2_OrderID2,bsSym2,B,150,5.0007,bsTrader2,150,COMM_EXCH,,,,,,,,,,,,,,,,,,,,,,,,,,,,,,,,,,,,,,,,,,,,,,,,,,,,,,,,,,,,,,,,,,,,,,,,,,,
cancelled,2015.05.01D15:00:13.000000000,BAS_S2_OrderID3,bsSym2,B,200,5.0008,bsTrader2,200,COMM_EXCH,,,,,,,,,,,,,,,,,,,,,,,,,,,,,,,,,,,,,,,,,,,,,,,,,,,,,,,,,,,,,,,,,,,,,,,,,,,
cancelled,2015.05.01D15:00:14.000000000,BAS_S2_OrderID4,bsSym2,B,250,5.0009,bsTrader2,250,COMM_EXCH,,,,,,,,,,,,,,,,,,,,,,,,,,,,,,,,,,,,,,,,,,,,,,,,,,,,,,,,,,,,,,,,,,,,,,,,,,,
cancelled,2015.05.01D15:00:15.000000000,BAS_S2_OrderID5,bsSym2,B,300,5.0011,bsTrader2,300,COMM_EXCH,,,,,,,,,,,,,,,,,,,,,,,,,,,,,,,,,,,,,,,,,,,,,,,,,,,,,,,,,,,,,,,,,,,,,,,,,,,
cancelled,2015.05.01D15:00:16.000000000,BAS_S2_OrderID6,bsSym2,B,350,5.0012,bsTrader2,350,COMM_EXCH,,,,,,,,,,,,,,,,,,,,,,,,,,,,,,,,,,,,,,,,,,,,,,,,,,,,,,,,,,,,,,,,,,,,,,,,,,,
new,2015.05.01D15:00:01.000000000,BAS_S3_OrderID1B,bsSym3,B,100,5.0001,bsTrader3,100,COMM_EXCH,,,,,,,,,,,,,,,,,,,,,,,,,,,,,,,,,,,,,,,,,,,,,,,,,,,,,,,,,,,,,,,,,,,,,,,,,,,
new,2015.05.01D15:00:01.000000000,BAS_S3_OrderID1S,bsSym3,S,120,5.0005,bsTrader3,120,COMM_EXCH,,,,,,,,,,,,,,,,,,,,,,,,,,,,,,,,,,,,,,,,,,,,,,,,,,,,,,,,,,,,,,,,,,,,,,,,,,,
new,2015.05.01D15:00:01.000000000,BAS_S3_OrderID4S,bsSym3,S,120,5.0005,bsTrader3,120,COMM_EXCH,,,,,,,,,,,,,,,,,,,,,,,,,,,,,,,,,,,,,,,,,,,,,,,,,,,,,,,,,,,,,,,,,,,,,,,,,,,
new,2015.05.01D15:00:02.000000000,BAS_S3_OrderID2,bsSym3,B,150,5.0007,bsTrader3,150,COMM_EXCH,,,,,,,,,,,,,,,,,,,,,,,,,,,,,,,,,,,,,,,,,,,,,,,,,,,,,,,,,,,,,,,,,,,,,,,,,,,
new,2015.05.01D15:00:03.000000000,BAS_S3_OrderID3,bsSym3,B,200,5.0008,bsTrader3,200,COMM_EXCH,,,,,,,,,,,,,,,,,,,,,,,,,,,,,,,,,,,,,,,,,,,,,,,,,,,,,,,,,,,,,,,,,,,,,,,,,,,
new,2015.05.01D15:00:04.000000000,BAS_S3_OrderID4,bsSym3,B,250,5.0009,bsTrader3,250,COMM_EXCH,,,,,,,,,,,,,,,,,,,,,,,,,,,,,,,,,,,,,,,,,,,,,,,,,,,,,,,,,,,,,,,,,,,,,,,,,,,
new,2015.05.01D15:00:05.000000000,BAS_S3_OrderID5,bsSym3,B,300,5.0011,bsTrader3,300,COMM_EXCH,,,,,,,,,,,,,,,,,,,,,,,,,,,,,,,,,,,,,,,,,,,,,,,,,,,,,,,,,,,,,,,,,,,,,,,,,,,
new,2015.05.01D15:00:06.000000000,BAS_S3_OrderID6,bsSym3,B,350,5.0012,bsTrader3,350,COMM_EXCH,,,,,,,,,,,,,,,,,,,,,,,,,,,,,,,,,,,,,,,,,,,,,,,,,,,,,,,,,,,,,,,,,,,,,,,,,,,
new,2015.05.01D15:00:07.000000000,BAS_S3_OrderID7,bsSym3,B,400,5.0013,bsTrader3,400,COMM_EXCH,,,,,,,,,,,,,,,,,,,,,,,,,,,,,,,,,,,,,,,,,,,,,,,,,,,,,,,,,,,,,,,,,,,,,,,,,,,
new,2015.05.01D15:00:08.000000000,BAS_S3_OrderID8,bsSym3,B,100,5.0001,bsTrader3,100,COMM_EXCH,,,,,,,,,,,,,,,,,,,,,,,,,,,,,,,,,,,,,,,,,,,,,,,,,,,,,,,,,,,,,,,,,,,,,,,,,,,
new,2015.05.01D15:00:09.000000000,BAS_S3_OrderID9,bsSym3,B,100,5.0001,bsTrader3,100,COMM_EXCH,,,,,,,,,,,,,,,,,,,,,,,,,,,,,,,,,,,,,,,,,,,,,,,,,,,,,,,,,,,,,,,,,,,,,,,,,,,
new,2015.05.01D15:00:10.000000000,BAS_S3_OrderID10,bsSym3,B,100,5.0002,bsTrader3,100,COMM_EXCH,,,,,,,,,,,,,,,,,,,,,,,,,,,,,,,,,,,,,,,,,,,,,,,,,,,,,,,,,,,,,,,,,,,,,,,,,,,
new,2015.05.01D15:00:11.000000000,BAS_S3_OrderID11,bsSym3,B,100,5.0003,bsTrader3,100,COMM_EXCH,,,,,,,,,,,,,,,,,,,,,,,,,,,,,,,,,,,,,,,,,,,,,,,,,,,,,,,,,,,,,,,,,,,,,,,,,,,
filled,2015.05.01D15:00:11.000000000,BAS_S3_OrderID11,bsSym3,B,100,5.0003,bsTrader3,0,COMM_EXCH,,,,,,,,,,,,,,,,,,,,,,,,,,,,,,,,,,,,,,,,,,,,,,,,,,,,,,,,,,,,,,,,,,,,,,,,,,,
filled,2015.05.01D15:00:12.000000000,BAS_S3_OrderID10,bsSym3,B,100,5.0002,bsTrader3,0,COMM_EXCH,,,,,,,,,,,,,,,,,,,,,,,,,,,,,,,,,,,,,,,,,,,,,,,,,,,,,,,,,,,,,,,,,,,,,,,,,,,
filled,2015.05.01D15:00:13.000000000,BAS_S3_OrderID9,bsSym3,B,100,5.0001,bsTrader3,0,COMM_EXCH,,,,,,,,,,,,,,,,,,,,,,,,,,,,,,,,,,,,,,,,,,,,,,,,,,,,,,,,,,,,,,,,,,,,,,,,,,,
filled,2015.05.01D15:00:14.000000000,BAS_S3_OrderID8,bsSym3,B,100,5.0001,bsTrader3,0,COMM_EXCH,,,,,,,,,,,,,,,,,,,,,,,,,,,,,,,,,,,,,,,,,,,,,,,,,,,,,,,,,,,,,,,,,,,,,,,,,,,
filled,2015.05.01D15:00:15.000000000,BAS_S3_OrderID7,bsSym3,B,400,5.0013,bsTrader3,0,COMM_EXCH,,,,,,,,,,,,,,,,,,,,,,,,,,,,,,,,,,,,,,,,,,,,,,,,,,,,,,,,,,,,,,,,,,,,,,,,,,,
new,2015.05.01D15:00:16.000000000,BAS_S3_OrderID12,bsSym3,B,400,5.0013,bsTrader3,400,COMM_EXCH,,,,,,,,,,,,,,,,,,,,,,,,,,,,,,,,,,,,,,,,,,,,,,,,,,,,,,,,,,,,,,,,,,,,,,,,,,,
new,2015.05.01D15:00:17.000000000,BAS_S3_OrderID13,bsSym3,B,100,5.0001,bsTrader3,100,COMM_EXCH,,,,,,,,,,,,,,,,,,,,,,,,,,,,,,,,,,,,,,,,,,,,,,,,,,,,,,,,,,,,,,,,,,,,,,,,,,,
new,2015.05.01D15:00:18.000000000,BAS_S3_OrderID14,bsSym3,B,100,5.0001,bsTrader3,100,COMM_EXCH,,,,,,,,,,,,,,,,,,,,,,,,,,,,,,,,,,,,,,,,,,,,,,,,,,,,,,,,,,,,,,,,,,,,,,,,,,,
new,2015.05.01D15:00:19.000000000,BAS_S3_OrderID15,bsSym3,B,100,5.0002,bsTrader3,100,COMM_EXCH,,,,,,,,,,,,,,,,,,,,,,,,,,,,,,,,,,,,,,,,,,,,,,,,,,,,,,,,,,,,,,,,,,,,,,,,,,,
new,2015.05.01D15:00:20.000000000,BAS_S3_OrderID16,bsSym3,B,100,5.0003,bsTrader3,100,COMM_EXCH,,,,,,,,,,,,,,,,,,,,,,,,,,,,,,,,,,,,,,,,,,,,,,,,,,,,,,,,,,,,,,,,,,,,,,,,,,,
cancelled,2015.05.01D15:00:21.000000000,BAS_S1_OrderID1B,bsSym3,B,100,5.0001,bsTrader3,100,COMM_EXCH,,,,,,,,,,,,,,,,,,,,,,,,,,,,,,,,,,,,,,,,,,,,,,,,,,,,,,,,,,,,,,,,,,,,,,,,,,,
cancelled,2015.05.01D15:00:22.000000000,BAS_S3_OrderID2,bsSym3,B,150,5.0007,bsTrader3,150,COMM_EXCH,,,,,,,,,,,,,,,,,,,,,,,,,,,,,,,,,,,,,,,,,,,,,,,,,,,,,,,,,,,,,,,,,,,,,,,,,,,
cancelled,2015.05.01D15:00:23.000000000,BAS_S3_OrderID3,bsSym3,B,200,5.0008,bsTrader3,200,COMM_EXCH,,,,,,,,,,,,,,,,,,,,,,,,,,,,,,,,,,,,,,,,,,,,,,,,,,,,,,,,,,,,,,,,,,,,,,,,,,,
cancelled,2015.05.01D15:00:24.000000000,BAS_S3_OrderID4,bsSym3,B,250,5.0009,bsTrader3,250,COMM_EXCH,,,,,,,,,,,,,,,,,,,,,,,,,,,,,,,,,,,,,,,,,,,,,,,,,,,,,,,,,,,,,,,,,,,,,,,,,,,
cancelled,2015.05.01D15:00:25.000000000,BAS_S3_OrderID5,bsSym3,B,300,5.0011,bsTrader3,300,COMM_EXCH,,,,,,,,,,,,,,,,,,,,,,,,,,,,,,,,,,,,,,,,,,,,,,,,,,,,,,,,,,,,,,,,,,,,,,,,,,,
cancelled,2015.05.01D15:00:26.000000000,BAS_S3_OrderID6,bsSym3,B,350,5.0012,bsTrader3,350,COMM_EXCH,,,,,,,,,,,,,,,,,,,,,,,,,,,,,,,,,,,,,,,,,,,,,,,,,,,,,,,,,,,,,,,,,,,,,,,,,,,
new,2015.05.01D16:00:01.000000000,BAS_S4_OrderID1,bsSym4,S,100,5.9999,bsTrader4,100,COMM_EXCH,,,,,,,,,,,,,,,,,,,,,,,,,,,,,,,,,,,,,,,,,,,,,,,,,,,,,,,,,,,,,,,,,,,,,,,,,,,
new,2015.05.01D16:00:01.000000000,BAS_S4_OrderID1B,bsSym4,B,100,6.0001,bsTrader4,100,COMM_EXCH,,,,,,,,,,,,,,,,,,,,,,,,,,,,,,,,,,,,,,,,,,,,,,,,,,,,,,,,,,,,,,,,,,,,,,,,,,,
new,2015.05.01D16:00:01.000000000,BAS_S4_OrderID1Bb,bsSym4,B,100,6.0001,bsTrader4,100,COMM_EXCH,,,,,,,,,,,,,,,,,,,,,,,,,,,,,,,,,,,,,,,,,,,,,,,,,,,,,,,,,,,,,,,,,,,,,,,,,,,
new,2015.05.01D16:00:01.000000000,BAS_S4_OrderID1O,bsSym4,B,100,6.0002,otherTDR,100,COMM_EXCH,,,,,,,,,,,,,,,,,,,,,,,,,,,,,,,,,,,,,,,,,,,,,,,,,,,,,,,,,,,,,,,,,,,,,,,,,,,
new,2015.05.01D16:00:02.000000000,BAS_S4_OrderID2,bsSym4,S,110,5.9999,bsTrader4,110,COMM_EXCH,,,,,,,,,,,,,,,,,,,,,,,,,,,,,,,,,,,,,,,,,,,,,,,,,,,,,,,,,,,,,,,,,,,,,,,,,,,
new,2015.05.01D16:00:02.000000000,BAS_S4_OrderID2B,bsSym4,B,100,6.0001,bsTrader4,100,COMM_EXCH,,,,,,,,,,,,,,,,,,,,,,,,,,,,,,,,,,,,,,,,,,,,,,,,,,,,,,,,,,,,,,,,,,,,,,,,,,,
new,2015.05.01D16:00:03.000000000,BAS_S4_OrderID3,bsSym4,S,120,5.9999,bsTrader4,120,COMM_EXCH,,,,,,,,,,,,,,,,,,,,,,,,,,,,,,,,,,,,,,,,,,,,,,,,,,,,,,,,,,,,,,,,,,,,,,,,,,,
new,2015.05.01D16:00:04.000000000,BAS_S4_OrderID4,bsSym4,S,130,5.9999,bsTrader4,130,COMM_EXCH,,,,,,,,,,,,,,,,,,,,,,,,,,,,,,,,,,,,,,,,,,,,,,,,,,,,,,,,,,,,,,,,,,,,,,,,,,,
new,2015.05.01D16:00:05.000000000,BAS_S4_OrderID5,bsSym4,S,140,5.9999,bsTrader4,140,COMM_EXCH,,,,,,,,,,,,,,,,,,,,,,,,,,,,,,,,,,,,,,,,,,,,,,,,,,,,,,,,,,,,,,,,,,,,,,,,,,,
new,2015.05.01D16:00:06.000000000,BAS_S4_OrderID6,bsSym4,S,150,5.9999,bsTrader4,150,COMM_EXCH,,,,,,,,,,,,,,,,,,,,,,,,,,,,,,,,,,,,,,,,,,,,,,,,,,,,,,,,,,,,,,,,,,,,,,,,,,,
new,2015.05.01D16:00:07.000000000,BAS_S4_OrderID7,bsSym4,S,160,5.9999,bsTrader4,160,COMM_EXCH,,,,,,,,,,,,,,,,,,,,,,,,,,,,,,,,,,,,,,,,,,,,,,,,,,,,,,,,,,,,,,,,,,,,,,,,,,,
new,2015.05.01D16:00:08.000000000,BAS_S4_OrderID8,bsSym4,S,170,5.9999,bsTrader4,170,COMM_EXCH,,,,,,,,,,,,,,,,,,,,,,,,,,,,,,,,,,,,,,,,,,,,,,,,,,,,,,,,,,,,,,,,,,,,,,,,,,,
new,2015.05.01D16:00:09.000000000,BAS_S4_OrderID9,bsSym4,S,180,5.9998,bsTrader4,180,COMM_EXCH,,,,,,,,,,,,,,,,,,,,,,,,,,,,,,,,,,,,,,,,,,,,,,,,,,,,,,,,,,,,,,,,,,,,,,,,,,,
new,2015.05.01D16:00:10.000000000,BAS_S4_OrderID10,bsSym4,S,190,5.9997,bsTrader4,190,COMM_EXCH,,,,,,,,,,,,,,,,,,,,,,,,,,,,,,,,,,,,,,,,,,,,,,,,,,,,,,,,,,,,,,,,,,,,,,,,,,,
cancelled,2015.05.01D16:00:11.000000000,BAS_S4_OrderID1,bsSym4,S,100,5.9999,bsTrader4,100,COMM_EXCH,,,,,,,,,,,,,,,,,,,,,,,,,,,,,,,,,,,,,,,,,,,,,,,,,,,,,,,,,,,,,,,,,,,,,,,,,,,
cancelled,2015.05.01D16:00:12.000000000,BAS_S4_OrderID2,bsSym4,S,110,5.9999,bsTrader4,110,COMM_EXCH,,,,,,,,,,,,,,,,,,,,,,,,,,,,,,,,,,,,,,,,,,,,,,,,,,,,,,,,,,,,,,,,,,,,,,,,,,,
cancelled,2015.05.01D16:00:13.000000000,BAS_S4_OrderID3,bsSym4,S,120,5.9999,bsTrader4,120,COMM_EXCH,,,,,,,,,,,,,,,,,,,,,,,,,,,,,,,,,,,,,,,,,,,,,,,,,,,,,,,,,,,,,,,,,,,,,,,,,,,
cancelled,2015.05.01D16:00:14.000000000,BAS_S4_OrderID4,bsSym4,S,130,5.9999,bsTrader4,130,COMM_EXCH,,,,,,,,,,,,,,,,,,,,,,,,,,,,,,,,,,,,,,,,,,,,,,,,,,,,,,,,,,,,,,,,,,,,,,,,,,,
cancelled,2015.05.01D16:00:15.000000000,BAS_S4_OrderID5,bsSym4,S,140,5.9999,bsTrader4,140,COMM_EXCH,,,,,,,,,,,,,,,,,,,,,,,,,,,,,,,,,,,,,,,,,,,,,,,,,,,,,,,,,,,,,,,,,,,,,,,,,,,
cancelled,2015.05.01D16:00:16.000000000,BAS_S4_OrderID6,bsSym4,S,150,5.9999,bsTrader4,150,COMM_EXCH,,,,,,,,,,,,,,,,,,,,,,,,,,,,,,,,,,,,,,,,,,,,,,,,,,,,,,,,,,,,,,,,,,,,,,,,,,,
cancelled,2015.05.01D16:00:17.000000000,BAS_S4_OrderID7,bsSym4,S,160,5.9999,bsTrader4,160,COMM_EXCH,,,,,,,,,,,,,,,,,,,,,,,,,,,,,,,,,,,,,,,,,,,,,,,,,,,,,,,,,,,,,,,,,,,,,,,,,,,
cancelled,2015.05.01D16:00:18.000000000,BAS_S4_OrderID8,bsSym4,S,170,5.9999,bsTrader4,170,COMM_EXCH,,,,,,,,,,,,,,,,,,,,,,,,,,,,,,,,,,,,,,,,,,,,,,,,,,,,,,,,,,,,,,,,,,,,,,,,,,,
cancelled,2015.05.01D16:00:19.000000000,BAS_S4_OrderID9,bsSym4,S,180,5.9998,bsTrader4,180,COMM_EXCH,,,,,,,,,,,,,,,,,,,,,,,,,,,,,,,,,,,,,,,,,,,,,,,,,,,,,,,,,,,,,,,,,,,,,,,,,,,
cancelled,2015.05.01D16:00:20.000000000,BAS_S4_OrderID10,bsSym4,S,190,5.9997,bsTrader4,190,COMM_EXCH,,,,,,,,,,,,,,,,,,,,,,,,,,,,,,,,,,,,,,,,,,,,,,,,,,,,,,,,,,,,,,,,,,,,,,,,,,,
new,2015.05.01D16:00:01.000000000,BAS_S5_OrderID1,bsSym5,S,100,5.9999,bsTrader5,100,COMM_EXCH,,,,,,,,,,,,,,,,,,,,,,,,,,,,,,,,,,,,,,,,,,,,,,,,,,,,,,,,,,,,,,,,,,,,,,,,,,,
new,2015.05.01D16:00:01.000000000,BAS_S5_OrderID1B,bsSym5,B,100,6.0001,bsTrader5,100,COMM_EXCH,,,,,,,,,,,,,,,,,,,,,,,,,,,,,,,,,,,,,,,,,,,,,,,,,,,,,,,,,,,,,,,,,,,,,,,,,,,
new,2015.05.01D16:00:01.000000000,BAS_S5_OrderID1Bb,bsSym5,B,100,6.0001,bsTrader5,100,COMM_EXCH,,,,,,,,,,,,,,,,,,,,,,,,,,,,,,,,,,,,,,,,,,,,,,,,,,,,,,,,,,,,,,,,,,,,,,,,,,,
new,2015.05.01D16:00:01.000000000,BAS_S5_OrderID1O,bsSym5,B,100,6.0002,otherTDR,100,COMM_EXCH,,,,,,,,,,,,,,,,,,,,,,,,,,,,,,,,,,,,,,,,,,,,,,,,,,,,,,,,,,,,,,,,,,,,,,,,,,,
new,2015.05.01D16:00:02.000000000,BAS_S5_OrderID2,bsSym5,S,110,5.9999,bsTrader5,110,COMM_EXCH,,,,,,,,,,,,,,,,,,,,,,,,,,,,,,,,,,,,,,,,,,,,,,,,,,,,,,,,,,,,,,,,,,,,,,,,,,,
new,2015.05.01D16:00:02.000000000,BAS_S5_OrderID2B,bsSym5,B,100,6.0001,bsTrader5,100,COMM_EXCH,,,,,,,,,,,,,,,,,,,,,,,,,,,,,,,,,,,,,,,,,,,,,,,,,,,,,,,,,,,,,,,,,,,,,,,,,,,
new,2015.05.01D16:00:03.000000000,BAS_S5_OrderID3,bsSym5,S,120,5.9999,bsTrader5,120,COMM_EXCH,,,,,,,,,,,,,,,,,,,,,,,,,,,,,,,,,,,,,,,,,,,,,,,,,,,,,,,,,,,,,,,,,,,,,,,,,,,
new,2015.05.01D16:00:04.000000000,BAS_S5_OrderID4,bsSym5,S,130,5.9999,bsTrader5,130,COMM_EXCH,,,,,,,,,,,,,,,,,,,,,,,,,,,,,,,,,,,,,,,,,,,,,,,,,,,,,,,,,,,,,,,,,,,,,,,,,,,
new,2015.05.01D16:00:05.000000000,BAS_S5_OrderID5,bsSym5,S,140,5.9999,bsTrader5,140,COMM_EXCH,,,,,,,,,,,,,,,,,,,,,,,,,,,,,,,,,,,,,,,,,,,,,,,,,,,,,,,,,,,,,,,,,,,,,,,,,,,
new,2015.05.01D16:00:06.000000000,BAS_S5_OrderID6,bsSym5,S,150,5.9999,bsTrader5,150,COMM_EXCH,,,,,,,,,,,,,,,,,,,,,,,,,,,,,,,,,,,,,,,,,,,,,,,,,,,,,,,,,,,,,,,,,,,,,,,,,,,
new,2015.05.01D16:00:07.000000000,BAS_S5_OrderID7,bsSym5,S,160,5.9999,bsTrader5,160,COMM_EXCH,,,,,,,,,,,,,,,,,,,,,,,,,,,,,,,,,,,,,,,,,,,,,,,,,,,,,,,,,,,,,,,,,,,,,,,,,,,
new,2015.05.01D16:00:08.000000000,BAS_S5_OrderID8,bsSym5,S,170,5.9999,bsTrader5,170,COMM_EXCH,,,,,,,,,,,,,,,,,,,,,,,,,,,,,,,,,,,,,,,,,,,,,,,,,,,,,,,,,,,,,,,,,,,,,,,,,,,
new,2015.05.01D16:00:09.000000000,BAS_S5_OrderID9,bsSym5,S,180,5.9998,bsTrader5,180,COMM_EXCH,,,,,,,,,,,,,,,,,,,,,,,,,,,,,,,,,,,,,,,,,,,,,,,,,,,,,,,,,,,,,,,,,,,,,,,,,,,
new,2015.05.01D16:00:10.000000000,BAS_S5_OrderID10,bsSym5,S,190,5.9997,bsTrader5,190,COMM_EXCH,,,,,,,,,,,,,,,,,,,,,,,,,,,,,,,,,,,,,,,,,,,,,,,,,,,,,,,,,,,,,,,,,,,,,,,,,,,
cancelled,2015.05.01D16:00:11.000000000,BAS_S5_OrderID1,bsSym5,S,100,5.9999,bsTrader5,100,COMM_EXCH,,,,,,,,,,,,,,,,,,,,,,,,,,,,,,,,,,,,,,,,,,,,,,,,,,,,,,,,,,,,,,,,,,,,,,,,,,,
cancelled,2015.05.01D16:00:12.000000000,BAS_S5_OrderID2,bsSym5,S,110,5.9999,bsTrader5,110,COMM_EXCH,,,,,,,,,,,,,,,,,,,,,,,,,,,,,,,,,,,,,,,,,,,,,,,,,,,,,,,,,,,,,,,,,,,,,,,,,,,
filled,2015.05.01D16:00:13.000000000,BAS_S5_OrderID1B,bsSym5,B,100,6.0001,bsTrader5,0,COMM_EXCH,,,,,,,,,,,,,,,,,,,,,,,,,,,,,,,,,,,,,,,,,,,,,,,,,,,,,,,,,,,,,,,,,,,,,,,,,,,
filled,2015.05.01D16:00:13.000000000,BAS_S5_OrderID1O,bsSym5,B,100,6.0002,otherTDR,0,COMM_EXCH,,,,,,,,,,,,,,,,,,,,,,,,,,,,,,,,,,,,,,,,,,,,,,,,,,,,,,,,,,,,,,,,,,,,,,,,,,,
cancelled,2015.05.01D16:00:13.000000000,BAS_S5_OrderID3,bsSym5,S,120,5.9999,bsTrader5,120,COMM_EXCH,,,,,,,,,,,,,,,,,,,,,,,,,,,,,,,,,,,,,,,,,,,,,,,,,,,,,,,,,,,,,,,,,,,,,,,,,,,
filled,2015.05.01D16:00:14.000000000,BAS_S5_OrderID1Bb,bsSym5,B,100,6.0001,bsTrader5,0,COMM_EXCH,,,,,,,,,,,,,,,,,,,,,,,,,,,,,,,,,,,,,,,,,,,,,,,,,,,,,,,,,,,,,,,,,,,,,,,,,,,
filled,2015.05.01D16:00:14.000000000,BAS_S5_OrderID2B,bsSym5,B,100,6.0001,bsTrader5,0,COMM_EXCH,,,,,,,,,,,,,,,,,,,,,,,,,,,,,,,,,,,,,,,,,,,,,,,,,,,,,,,,,,,,,,,,,,,,,,,,,,,
cancelled,2015.05.01D16:00:14.000000000,BAS_S5_OrderID4,bsSym5,S,130,5.9999,bsTrader5,130,COMM_EXCH,,,,,,,,,,,,,,,,,,,,,,,,,,,,,,,,,,,,,,,,,,,,,,,,,,,,,,,,,,,,,,,,,,,,,,,,,,,
new,2015.05.01D16:00:14.002000000,BAS_S5_OrderID11,bsSym5,B,99,5.9997,bsTrader5,99,COMM_EXCH,,,,,,,,,,,,,,,,,,,,,,,,,,,,,,,,,,,,,,,,,,,,,,,,,,,,,,,,,,,,,,,,,,,,,,,,,,,
filled,2015.05.01D16:00:14.002000000,BAS_S5_OrderID11,bsSym5,B,99,5.9997,bsTrader5,0,COMM_EXCH,,,,,,,,,,,,,,,,,,,,,,,,,,,,,,,,,,,,,,,,,,,,,,,,,,,,,,,,,,,,,,,,,,,,,,,,,,,
filled,2015.05.01D16:00:14.004000000,BAS_S5_OrderID5,bsSym5,S,140,5.9999,bsTrader5,0,COMM_EXCH,,,,,,,,,,,,,,,,,,,,,,,,,,,,,,,,,,,,,,,,,,,,,,,,,,,,,,,,,,,,,,,,,,,,,,,,,,,
new,2015.05.01D16:00:16.000000000,BAS_S5_OrderID12,bsSym5,B,198,5.9997,bsTrader5,198,COMM_EXCH,,,,,,,,,,,,,,,,,,,,,,,,,,,,,,,,,,,,,,,,,,,,,,,,,,,,,,,,,,,,,,,,,,,,,,,,,,,
filled,2015.05.01D16:00:16.000000000,BAS_S5_OrderID12,bsSym5,B,198,5.9997,bsTrader5,0,COMM_EXCH,,,,,,,,,,,,,,,,,,,,,,,,,,,,,,,,,,,,,,,,,,,,,,,,,,,,,,,,,,,,,,,,,,,,,,,,,,,
new,2015.05.01D16:00:17.000000000,BAS_S5_OrderID13,bsSym5,B,99,5.9997,bsTrader5,99,COMM_EXCH,,,,,,,,,,,,,,,,,,,,,,,,,,,,,,,,,,,,,,,,,,,,,,,,,,,,,,,,,,,,,,,,,,,,,,,,,,,
filled,2015.05.01D16:00:17.000000000,BAS_S5_OrderID13,bsSym5,B,99,5.9997,bsTrader5,0,COMM_EXCH,,,,,,,,,,,,,,,,,,,,,,,,,,,,,,,,,,,,,,,,,,,,,,,,,,,,,,,,,,,,,,,,,,,,,,,,,,,
new,2015.05.01D16:00:18.000000000,BAS_S5_OrderID14,bsSym5,B,198,5.9998,bsTrader5,198,COMM_EXCH,,,,,,,,,,,,,,,,,,,,,,,,,,,,,,,,,,,,,,,,,,,,,,,,,,,,,,,,,,,,,,,,,,,,,,,,,,,
filled,2015.05.01D16:00:18.000000000,BAS_S5_OrderID14,bsSym5,B,198,5.9998,bsTrader5,0,COMM_EXCH,,,,,,,,,,,,,,,,,,,,,,,,,,,,,,,,,,,,,,,,,,,,,,,,,,,,,,,,,,,,,,,,,,,,,,,,,,,
new,2015.05.01D16:00:19.000000000,BAS_S5_OrderID15,bsSym5,B,99,5.9998,bsTrader5,99,COMM_EXCH,,,,,,,,,,,,,,,,,,,,,,,,,,,,,,,,,,,,,,,,,,,,,,,,,,,,,,,,,,,,,,,,,,,,,,,,,,,
filled,2015.05.01D16:00:19.000000000,BAS_S5_OrderID15,bsSym5,B,99,5.9998,bsTrader5,0,COMM_EXCH,,,,,,,,,,,,,,,,,,,,,,,,,,,,,,,,,,,,,,,,,,,,,,,,,,,,,,,,,,,,,,,,,,,,,,,,,,,
filled,2015.05.01D16:00:19.000000000,BAS_S5_OrderID6,bsSym5,S,150,5.9999,bsTrader5,0,COMM_EXCH,,,,,,,,,,,,,,,,,,,,,,,,,,,,,,,,,,,,,,,,,,,,,,,,,,,,,,,,,,,,,,,,,,,,,,,,,,,
new,2015.05.01D09:30:29.290000000,BAS_S6_OrderID1,bsSym6,B,100,1,REF_FDTRADER2,100,RATES_EXCH,,,,,,,,,,,,,,,,,,,,,,,,,,,,,,,,,,,,,,,,,,,,,,,,,,,,,,,,,,,,,,,,,,,,,,,,,,,
new,2015.05.01D09:31:29.290000000,BAS_S6_OrderID2,bsSym6,B,100,1.01,REF_FDTRADER2,100,RATES_EXCH,,,,,,,,,,,,,,,,,,,,,,,,,,,,,,,,,,,,,,,,,,,,,,,,,,,,,,,,,,,,,,,,,,,,,,,,,,,
new,2015.05.01D09:32:30.300000000,BAS_S6_OrderID3,bsSym6,B,100,1.02,REF_FDTRADER2,100,RATES_EXCH,,,,,,,,,,,,,,,,,,,,,,,,,,,,,,,,,,,,,,,,,,,,,,,,,,,,,,,,,,,,,,,,,,,,,,,,,,,
new,2015.05.01D09:33:30.300000000,BAS_S6_OrderID4,bsSym6,B,100,1.03,REF_FDTRADER2,100,RATES_EXCH,,,,,,,,,,,,,,,,,,,,,,,,,,,,,,,,,,,,,,,,,,,,,,,,,,,,,,,,,,,,,,,,,,,,,,,,,,,
new,2015.05.01D09:34:31.310000000,BAS_S6_OrderID5,bsSym6,B,100,1.04,REF_FDTRADER2,100,RATES_EXCH,,,,,,,,,,,,,,,,,,,,,,,,,,,,,,,,,,,,,,,,,,,,,,,,,,,,,,,,,,,,,,,,,,,,,,,,,,,
new,2015.05.01D09:35:31.310000000,BAS_S6_OrderID6,bsSym6,S,15,1.06,REF_FDTRADER2,15,RATES_EXCH,,,,,,,,,,,,,,,,,,,,,,,,,,,,,,,,,,,,,,,,,,,,,,,,,,,,,,,,,,,,,,,,,,,,,,,,,,,
new,2015.05.01D09:36:33.330000000,BAS_S6_OrderID7,bsSym6,S,20,1.06,REF_FDTRADER2,20,RATES_EXCH,,,,,,,,,,,,,,,,,,,,,,,,,,,,,,,,,,,,,,,,,,,,,,,,,,,,,,,,,,,,,,,,,,,,,,,,,,,
new,2015.05.01D09:37:34.340000000,BAS_S6_OrderID8,bsSym6,S,25,1.07,REF_FDTRADER2,25,RATES_EXCH,,,,,,,,,,,,,,,,,,,,,,,,,,,,,,,,,,,,,,,,,,,,,,,,,,,,,,,,,,,,,,,,,,,,,,,,,,,
filled,2015.05.01D09:38:35.350000000,BAS_S6_OrderID6,bsSym6,S,15,1.06,REF_FDTRADER2,0,RATES_EXCH,,,,,,,,,,,,,,,,,,,,,,,,,,,,,,,,,,,,,,,,,,,,,,,,,,,,,,,,,,,,,,,,,,,,,,,,,,,
filled,2015.05.01D09:39:36.360000000,BAS_S6_OrderID7,bsSym6,S,20,1.06,REF_FDTRADER2,0,RATES_EXCH,,,,,,,,,,,,,,,,,,,,,,,,,,,,,,,,,,,,,,,,,,,,,,,,,,,,,,,,,,,,,,,,,,,,,,,,,,,
cancelled,2015.05.01D09:41:38.380000000,BAS_S6_OrderID2,bsSym6,B,100,1.11,REF_FDTRADER2,100,RATES_EXCH,,,,,,,,,,,,,,,,,,,,,,,,,,,,,,,,,,,,,,,,,,,,,,,,,,,,,,,,,,,,,,,,,,,,,,,,,,,
cancelled,2015.05.01D09:42:39.390000000,BAS_S6_OrderID3,bsSym6,B,100,1.12,REF_FDTRADER2,100,RATES_EXCH,,,,,,,,,,,,,,,,,,,,,,,,,,,,,,,,,,,,,,,,,,,,,,,,,,,,,,,,,,,,,,,,,,,,,,,,,,,
cancelled,2015.05.01D09:43:40.400000000,BAS_S6_OrderID4,bsSym6,B,100,1.13,REF_FDTRADER2,100,RATES_EXCH,,,,,,,,,,,,,,,,,,,,,,,,,,,,,,,,,,,,,,,,,,,,,,,,,,,,,,,,,,,,,,,,,,,,,,,,,,,
cancelled,2015.05.01D09:54:41.410000000,BAS_S6_OrderID5,bsSym6,B,100,1.14,REF_FDTRADER2,100,RATES_EXCH,,,,,,,,,,,,,,,,,,,,,,,,,,,,,,,,,,,,,,,,,,,,,,,,,,,,,,,,,,,,,,,,,,,,,,,,,,,
cancelled,2015.05.01D23:59:59.000000000,BAS_S6_OrderID1,bsSym6,B,100,1,REF_FDTRADER2,100,RATES_EXCH,,,,,,,,,,,,,,,,,,,,,,,,,,,,,,,,,,,,,,,,,,,,,,,,,,,,,,,,,,,,,,,,,,,,,,,,,,,
cancelled,2015.05.01D23:59:59.000000000,BAS_S6_OrderID8,bsSym6,S,25,1.07,REF_FDTRADER2,25,RATES_EXCH,,,,,,,,,,,,,,,,,,,,,,,,,,,,,,,,,,,,,,,,,,,,,,,,,,,,,,,,,,,,,,,,,,,,,,,,,,,
new,2015.05.01D21:30:29.290000000,BAS_S7_OrderID1,bsSym7,B,100,1,REF_FDTRADER2,100,RATES_EXCH,,,,,,,,,,,,,,,,,,,,,,,,,,,,,,,,,,,,,,,,,,,,,,,,,,,,,,,,,,,,,,,,,,,,,,,,,,,
replaced,2015.05.01D21:30:29.290000000,BAS_S7_OrderID1,bsSym7,B,100,1,REF_FDTRADER2,100,RATES_EXCH,,,,,,,,,,,,,,,,,,,,,,,,,,,,,,,,,,,,,,,,,,,,,,,,,,,,,,,,,,,,,,,,,,,,,,,,,,,
new,2015.05.01D21:31:29.290000000,BAS_S7_OrderID2,bsSym7,B,100,1.01,REF_FDTRADER2,100,RATES_EXCH,,,,,,,,,,,,,,,,,,,,,,,,,,,,,,,,,,,,,,,,,,,,,,,,,,,,,,,,,,,,,,,,,,,,,,,,,,,
replaced,2015.05.01D21:31:29.290000000,BAS_S7_OrderID2,bsSym7,B,100,1.015,REF_FDTRADER2,100,RATES_EXCH,,,,,,,,,,,,,,,,,,,,,,,,,,,,,,,,,,,,,,,,,,,,,,,,,,,,,,,,,,,,,,,,,,,,,,,,,,,
replaced,2015.05.01D21:31:29.290000000,BAS_S7_OrderID2,bsSym7,B,100,1.01,REF_FDTRADER2,100,RATES_EXCH,,,,,,,,,,,,,,,,,,,,,,,,,,,,,,,,,,,,,,,,,,,,,,,,,,,,,,,,,,,,,,,,,,,,,,,,,,,
new,2015.05.01D21:32:30.300000000,BAS_S7_OrderID3,bsSym7,B,100,1.02,REF_FDTRADER2,100,RATES_EXCH,,,,,,,,,,,,,,,,,,,,,,,,,,,,,,,,,,,,,,,,,,,,,,,,,,,,,,,,,,,,,,,,,,,,,,,,,,,
replaced,2015.05.01D21:32:30.300000000,BAS_S7_OrderID3,bsSym7,B,100,1.022,REF_FDTRADER2,100,RATES_EXCH,,,,,,,,,,,,,,,,,,,,,,,,,,,,,,,,,,,,,,,,,,,,,,,,,,,,,,,,,,,,,,,,,,,,,,,,,,,
replaced,2015.05.01D21:32:30.300000000,BAS_S7_OrderID3,bsSym7,B,100,1.026,REF_FDTRADER2,100,RATES_EXCH,,,,,,,,,,,,,,,,,,,,,,,,,,,,,,,,,,,,,,,,,,,,,,,,,,,,,,,,,,,,,,,,,,,,,,,,,,,
replaced,2015.05.01D21:32:30.300000000,BAS_S7_OrderID3,bsSym7,B,100,1.028,REF_FDTRADER2,100,RATES_EXCH,,,,,,,,,,,,,,,,,,,,,,,,,,,,,,,,,,,,,,,,,,,,,,,,,,,,,,,,,,,,,,,,,,,,,,,,,,,
new,2015.05.01D21:33:30.300000000,BAS_S7_OrderID4,bsSym7,B,100,1.03,REF_FDTRADER2,100,RATES_EXCH,,,,,,,,,,,,,,,,,,,,,,,,,,,,,,,,,,,,,,,,,,,,,,,,,,,,,,,,,,,,,,,,,,,,,,,,,,,
replaced,2015.05.01D21:33:30.300000000,BAS_S7_OrderID4,bsSym7,B,100,1.032,REF_FDTRADER2,100,RATES_EXCH,,,,,,,,,,,,,,,,,,,,,,,,,,,,,,,,,,,,,,,,,,,,,,,,,,,,,,,,,,,,,,,,,,,,,,,,,,,
replaced,2015.05.01D21:33:30.300000000,BAS_S7_OrderID4,bsSym7,B,100,1.034,REF_FDTRADER2,100,RATES_EXCH,,,,,,,,,,,,,,,,,,,,,,,,,,,,,,,,,,,,,,,,,,,,,,,,,,,,,,,,,,,,,,,,,,,,,,,,,,,
replaced,2015.05.01D21:33:30.300000000,BAS_S7_OrderID4,bsSym7,B,100,1.036,REF_FDTRADER2,100,RATES_EXCH,,,,,,,,,,,,,,,,,,,,,,,,,,,,,,,,,,,,,,,,,,,,,,,,,,,,,,,,,,,,,,,,,,,,,,,,,,,
replaced,2015.05.01D21:33:30.300000000,BAS_S7_OrderID4,bsSym7,B,100,1.038,REF_FDTRADER2,100,RATES_EXCH,,,,,,,,,,,,,,,,,,,,,,,,,,,,,,,,,,,,,,,,,,,,,,,,,,,,,,,,,,,,,,,,,,,,,,,,,,,
new,2015.05.01D21:34:31.310000000,BAS_S7_OrderID5,bsSym7,B,100,1.04,REF_FDTRADER2,100,RATES_EXCH,,,,,,,,,,,,,,,,,,,,,,,,,,,,,,,,,,,,,,,,,,,,,,,,,,,,,,,,,,,,,,,,,,,,,,,,,,,
replaced,2015.05.01D21:34:31.310000000,BAS_S7_OrderID5,bsSym7,B,100,1.041,REF_FDTRADER2,100,RATES_EXCH,,,,,,,,,,,,,,,,,,,,,,,,,,,,,,,,,,,,,,,,,,,,,,,,,,,,,,,,,,,,,,,,,,,,,,,,,,,
replaced,2015.05.01D21:34:31.310000000,BAS_S7_OrderID5,bsSym7,B,100,1.042,REF_FDTRADER2,100,RATES_EXCH,,,,,,,,,,,,,,,,,,,,,,,,,,,,,,,,,,,,,,,,,,,,,,,,,,,,,,,,,,,,,,,,,,,,,,,,,,,
replaced,2015.05.01D21:34:31.310000000,BAS_S7_OrderID5,bsSym7,B,100,1.047,REF_FDTRADER2,100,RATES_EXCH,,,,,,,,,,,,,,,,,,,,,,,,,,,,,,,,,,,,,,,,,,,,,,,,,,,,,,,,,,,,,,,,,,,,,,,,,,,
replaced,2015.05.01D21:34:31.310000000,BAS_S7_OrderID5,bsSym7,B,100,1.048,REF_FDTRADER2,100,RATES_EXCH,,,,,,,,,,,,,,,,,,,,,,,,,,,,,,,,,,,,,,,,,,,,,,,,,,,,,,,,,,,,,,,,,,,,,,,,,,,
replaced,2015.05.01D21:34:31.310000000,BAS_S7_OrderID5,bsSym7,B,100,1.049,REF_FDTRADER2,100,RATES_EXCH,,,,,,,,,,,,,,,,,,,,,,,,,,,,,,,,,,,,,,,,,,,,,,,,,,,,,,,,,,,,,,,,,,,,,,,,,,,
new,2015.05.01D21:35:31.310000000,BAS_S7_OrderID6,bsSym7,S,15,1.06,REF_FDTRADER2,15,RATES_EXCH,,,,,,,,,,,,,,,,,,,,,,,,,,,,,,,,,,,,,,,,,,,,,,,,,,,,,,,,,,,,,,,,,,,,,,,,,,,
new,2015.05.01D21:36:33.330000000,BAS_S7_OrderID7,bsSym7,S,20,1.06,REF_FDTRADER2,20,RATES_EXCH,,,,,,,,,,,,,,,,,,,,,,,,,,,,,,,,,,,,,,,,,,,,,,,,,,,,,,,,,,,,,,,,,,,,,,,,,,,
new,2015.05.01D21:37:34.340000000,BAS_S7_OrderID8,bsSym7,S,25,1.07,REF_FDTRADER2,25,RATES_EXCH,,,,,,,,,,,,,,,,,,,,,,,,,,,,,,,,,,,,,,,,,,,,,,,,,,,,,,,,,,,,,,,,,,,,,,,,,,,
filled,2015.05.01D21:38:35.350000000,BAS_S7_OrderID6,bsSym7,S,15,1.06,REF_FDTRADER2,0,RATES_EXCH,,,,,,,,,,,,,,,,,,,,,,,,,,,,,,,,,,,,,,,,,,,,,,,,,,,,,,,,,,,,,,,,,,,,,,,,,,,
filled,2015.05.01D21:39:36.360000000,BAS_S7_OrderID7,bsSym7,S,20,1.06,REF_FDTRADER2,0,RATES_EXCH,,,,,,,,,,,,,,,,,,,,,,,,,,,,,,,,,,,,,,,,,,,,,,,,,,,,,,,,,,,,,,,,,,,,,,,,,,,
cancelled,2015.05.01D21:41:38.380000000,BAS_S7_OrderID2,bsSym7,B,100,1.11,REF_FDTRADER2,100,RATES_EXCH,,,,,,,,,,,,,,,,,,,,,,,,,,,,,,,,,,,,,,,,,,,,,,,,,,,,,,,,,,,,,,,,,,,,,,,,,,,
cancelled,2015.05.01D21:42:39.390000000,BAS_S7_OrderID3,bsSym7,B,100,1.12,REF_FDTRADER2,100,RATES_EXCH,,,,,,,,,,,,,,,,,,,,,,,,,,,,,,,,,,,,,,,,,,,,,,,,,,,,,,,,,,,,,,,,,,,,,,,,,,,
cancelled,2015.05.01D21:43:40.400000000,BAS_S7_OrderID4,bsSym7,B,100,1.13,REF_FDTRADER2,100,RATES_EXCH,,,,,,,,,,,,,,,,,,,,,,,,,,,,,,,,,,,,,,,,,,,,,,,,,,,,,,,,,,,,,,,,,,,,,,,,,,,
cancelled,2015.05.01D21:44:41.410000000,BAS_S7_OrderID5,bsSym7,B,100,1.14,REF_FDTRADER2,100,RATES_EXCH,,,,,,,,,,,,,,,,,,,,,,,,,,,,,,,,,,,,,,,,,,,,,,,,,,,,,,,,,,,,,,,,,,,,,,,,,,,
cancelled,2015.05.01D23:59:59.000000000,BAS_S7_OrderID1,bsSym7,B,100,1,REF_FDTRADER2,100,RATES_EXCH,,,,,,,,,,,,,,,,,,,,,,,,,,,,,,,,,,,,,,,,,,,,,,,,,,,,,,,,,,,,,,,,,,,,,,,,,,,
cancelled,2015.05.01D23:59:59.000000000,BAS_S7_OrderID8,bsSym7,S,25,1.07,REF_FDTRADER2,25,RATES_EXCH,,,,,,,,,,,,,,,,,,,,,,,,,,,,,,,,,,,,,,,,,,,,,,,,,,,,,,,,,,,,,,,,,,,,,,,,,,,
