eventType,eventTimestamp,orderID,instrumentID,side,quantity,price,trader,leavesQuantity,assetClass,timeSinceLastUpdate,within15Secs,alert
new,2015.04.20D12:00:00.000000000,HOR0160407/5772000,HOR-BBG-SYM2,S,1000,1.23,REF_FDTrader1,1000,COMM_EXCH,,,
new,2015.04.20D12:00:00.000000000,HOR0160407/5772001,HOR-BBG-SYM2,S,5000,1.2301,REF_FDTrader1,5000,COMM_EXCH,,,
new,2015.04.20D12:00:00.000000000,HOR0160407/5772002,HOR-BBG-SYM2,S,2500,1.2299,REF_FDTrader1,2500,COMM_EXCH,,,
new,2015.04.20D12:00:00.000000000,HOR0160407/5772003,HOR-BBG-SYM2,S,20000,1.23,REF_FDTrader1,20000,COMM_EXCH,,,
new,2015.04.20D13:00:00.000000000,HOR0160407/5772004,HOR-BBG-SYM2,S,1000,1.23,REF_FDTrader2,1000,COMM_EXCH,,,
new,2015.04.20D13:00:00.001000000,HOR0160407/5772005,HOR-BBG-SYM2,S,5000,1.2301,REF_FDTrader2,5000,COMM_EXCH,,,
new,2015.04.20D13:00:00.003000000,HOR0160407/5772006,HOR-BBG-SYM2,S,2500,1.2299,REF_FDTrader2,2500,COMM_EXCH,,,
new,2015.04.20D13:00:00.004000000,HOR0160407/5772007,HOR-BBG-SYM2,S,20000,1.23,REF_FDTrader2,20000,COMM_EXCH,,,
new,2015.04.20D13:00:00.006000000,HOR0160407/5772008,HOR-BBG-SYM2,S,20000,1.23,REF_FDTrader2,20000,COMM_EXCH,,,
new,2015.04.20D20:30:29.002000000,HOR0160407/5775010,XXTK_BBG-HOR-SYM,S,75,165.875,REF_FDTraderAAA,75,COMM_EXCH,,,
filled,2015.04.20D20:30:29.003000000,HOR0160407/5775010,XXTK_BBG-HOR-SYM,S,75,165.875,REF_FDTraderAAA,0,COMM_EXCH,,,
new,2015.04.20D20:30:49.002000000,HOR0160407/5775011,XXTK_BBG-HOR-SYM,S,75,165.875,REF_FDTraderAAA,75,COMM_EXCH,,,
filled,2015.04.20D20:30:49.003000000,HOR0160407/5775011,XXTK_BBG-HOR-SYM,S,75,165.875,REF_FDTraderAAA,0,COMM_EXCH,,,
new,2015.04.20D20:31:09.002000000,HOR0160407/5775012,XXTK_BBG-HOR-SYM,S,75,165.875,REF_FDTraderAAA,75,COMM_EXCH,,,
filled,2015.04.20D20:31:09.002000000,HOR0160407/5775012,XXTK_BBG-HOR-SYM,S,75,165.875,REF_FDTraderAAA,0,COMM_EXCH,,,
new,2015.04.20D21:30:29.002000000,HOR0160407/5775013,XXTK_BBG-HOR-SYM,S,75,165.875,REF_FDTraderAAA,75,COMM_EXCH,,,
filled,2015.04.20D21:30:29.002000000,HOR0160407/5775013,XXTK_BBG-HOR-SYM,S,75,165.875,REF_FDTraderAAA,0,COMM_EXCH,,,
new,2015.04.20D21:30:49.002000000,HOR0160407/5775014,XXTK_BBG-HOR-SYM,S,75,165.875,REF_FDTraderAAA,75,COMM_EXCH,,,
filled,2015.04.20D21:30:49.002000000,HOR0160407/5775014,XXTK_BBG-HOR-SYM,S,75,165.875,REF_FDTraderAAA,0,COMM_EXCH,,,
new,2015.04.20D21:31:09.002000000,HOR0160407/5775015,XXTK_BBG-HOR-SYM,S,75,165.875,REF_FDTraderAAA,75,COMM_EXCH,,,
filled,2015.04.20D21:31:09.002000000,HOR0160407/5775015,XXTK_BBG-HOR-SYM,S,75,165.875,REF_FDTraderAAA,0,COMM_EXCH,,,
new,2015.04.20D15:00:00.048504284,HOR_NSM__oid1887138,FB.OQ,B,1,220.92,NSM_trader0,1,EQUITY_EXCHANGE,,FALSE,
new,2015.04.20D15:00:00.254608044,HOR_NSM__oid1887285,FB.OQ,S,1,221,NSM_trader1,1,EQUITY_EXCHANGE,,FALSE,
new,2015.04.20D15:00:00.443544503,HOR_NSM__oid1887363,FB.OQ,B,2,220.86,NSM_trader2,2,EQUITY_EXCHANGE,,FALSE,
new,2015.04.20D15:00:00.475542321,HOR_NSM__oid1887400,FB.OQ,B,1,220.9,NSM_demoTrader,1,EQUITY_EXCHANGE,,FALSE,
new,2015.04.20D15:00:00.551537869,HOR_NSM__oid1887494,FB.OQ,S,1,220.99,NSM_trader4,1,EQUITY_EXCHANGE,,FALSE,
new,2015.04.20D15:00:00.767572424,HOR_NSM__oid1887718,FB.OQ,S,1,220.99,NSM_trader5,1,EQUITY_EXCHANGE,,FALSE,
replaced,2015.04.20D15:00:01.048504284,HOR_NSM__oid1887138,FB.OQ,B,6,220.92,NSM_trader0,6,EQUITY_EXCHANGE,,FALSE,
new,2015.04.20D15:00:01.067579016,HOR_NSM__oid1887916,FB.OQ,B,1,220.92,NSM_trader6,1,EQUITY_EXCHANGE,,FALSE,
filled,2015.04.20D15:00:01.254608044,HOR_NSM__oid1887285,FB.OQ,S,1,221,NSM_trader1,0,EQUITY_EXCHANGE,,FALSE,
filled,2015.04.20D15:00:01.443544503,HOR_NSM__oid1887363,FB.OQ,B,2,220.86,NSM_trader2,0,EQUITY_EXCHANGE,,FALSE,
filled,2015.04.20D15:00:01.475542321,HOR_NSM__oid1887400,FB.OQ,B,1,220.9,NSM_demoTrader,0,EQUITY_EXCHANGE,,FALSE,
filled,2015.04.20D15:00:01.551537869,HOR_NSM__oid1887494,FB.OQ,S,1,220.99,NSM_trader4,0,EQUITY_EXCHANGE,,FALSE,
new,2015.04.20D15:00:01.727662643,HOR_NSM__oid1888198,FB.OQ,B,1,220.95,NSM_trader7,1,EQUITY_EXCHANGE,,FALSE,
new,2015.04.20D15:00:01.755618772,HOR_NSM__oid1888213,FB.OQ,S,1,221.06,NSM_trader8,1,EQUITY_EXCHANGE,,FALSE,
filled,2015.04.20D15:00:01.767572424,HOR_NSM__oid1887718,FB.OQ,S,1,220.99,NSM_trader5,0,EQUITY_EXCHANGE,,FALSE,
replaced,2015.04.20D15:00:02.048504284,HOR_NSM__oid1887138,FB.OQ,B,11,220.92,NSM_trader0,11,EQUITY_EXCHANGE,,FALSE,
filled,2015.04.20D15:00:02.067579016,HOR_NSM__oid1887916,FB.OQ,B,1,220.92,NSM_trader6,0,EQUITY_EXCHANGE,,FALSE,
new,2015.04.20D15:00:02.075656973,HOR_NSM__oid1888303,FB.OQ,S,2,221.07,NSM_demoTrader,2,EQUITY_EXCHANGE,0D00:00:01.600114652,TRUE,
new,2015.04.20D15:00:02.625695133,HOR_NSM__oid1888654,FB.OQ,B,1,220.97,NSM_trader10,1,EQUITY_EXCHANGE,,FALSE,
filled,2015.04.20D15:00:02.727662643,HOR_NSM__oid1888198,FB.OQ,B,1,220.95,NSM_trader7,0,EQUITY_EXCHANGE,,FALSE,
filled,2015.04.20D15:00:02.755618772,HOR_NSM__oid1888213,FB.OQ,S,1,221.06,NSM_trader8,0,EQUITY_EXCHANGE,,FALSE,
filled,2015.04.20D15:00:03.048504284,HOR_NSM__oid1887138,FB.OQ,B,11,220.92,NSM_trader0,0,EQUITY_EXCHANGE,,FALSE,
filled,2015.04.20D15:00:03.075656973,HOR_NSM__oid1888303,FB.OQ,S,2,221.07,NSM_demoTrader,0,EQUITY_EXCHANGE,,FALSE,
new,2015.04.20D15:00:03.151482868,HOR_NSM__oid1888959,FB.OQ,S,2,221.05,NSM_trader11,2,EQUITY_EXCHANGE,,FALSE,
new,2015.04.20D15:00:03.515735392,HOR_NSM__oid1889119,FB.OQ,S,2,221.06,NSM_trader12,2,EQUITY_EXCHANGE,,FALSE,
filled,2015.04.20D15:00:03.625695133,HOR_NSM__oid1888654,FB.OQ,B,1,220.97,NSM_trader10,0,EQUITY_EXCHANGE,,FALSE,
new,2015.04.20D15:00:03.639747814,HOR_NSM__oid1889138,FB.OQ,B,1,220.95,NSM_trader13,1,EQUITY_EXCHANGE,,FALSE,
filled,2015.04.20D15:00:04.151482868,HOR_NSM__oid1888959,FB.OQ,S,2,221.05,NSM_trader11,0,EQUITY_EXCHANGE,,FALSE,
filled,2015.04.20D15:00:04.515735392,HOR_NSM__oid1889119,FB.OQ,S,2,221.06,NSM_trader12,0,EQUITY_EXCHANGE,,FALSE,
filled,2015.04.20D15:00:04.639747814,HOR_NSM__oid1889138,FB.OQ,B,1,220.95,NSM_trader13,0,EQUITY_EXCHANGE,,FALSE,
new,2015.04.20D15:00:04.843812980,HOR_NSM__oid1889397,FB.OQ,B,2,220.97,NSM_trader14,2,EQUITY_EXCHANGE,,FALSE,
filled,2015.04.20D15:00:05.843812980,HOR_NSM__oid1889397,FB.OQ,B,2,220.97,NSM_trader14,0,EQUITY_EXCHANGE,,FALSE,
new,2015.04.20D15:00:05.967915557,HOR_NSM__oid1889620,FB.OQ,S,5,221.02,NSM_trader15,5,EQUITY_EXCHANGE,,FALSE,
replaced,2015.04.20D15:00:06.967915557,HOR_NSM__oid1889620,FB.OQ,S,10,221.02,NSM_trader15,10,EQUITY_EXCHANGE,,FALSE,
filled,2015.04.20D15:00:07.967915557,HOR_NSM__oid1889620,FB.OQ,S,10,221.02,NSM_trader15,0,EQUITY_EXCHANGE,,FALSE,
new,2015.04.20D15:00:08.587123639,HOR_NSM__oid1890169,FB.OQ,B,1,220.93,NSM_trader16,1,EQUITY_EXCHANGE,,FALSE,
filled,2015.04.20D15:00:09.587123639,HOR_NSM__oid1890169,FB.OQ,B,1,220.93,NSM_trader16,0,EQUITY_EXCHANGE,,FALSE,
new,2015.04.20D15:00:12.335360851,HOR_NSM__oid1890882,FB.OQ,B,2,220.94,NSM_trader17,2,EQUITY_EXCHANGE,,FALSE,
filled,2015.04.20D15:00:13.335360851,HOR_NSM__oid1890882,FB.OQ,B,2,220.94,NSM_trader17,0,EQUITY_EXCHANGE,,FALSE,
new,2015.04.20D15:00:15.831584470,HOR_NSM__oid1891329,FB.OQ,B,1,220.95,NSM_trader18,1,EQUITY_EXCHANGE,,FALSE,
filled,2015.04.20D15:00:16.831584470,HOR_NSM__oid1891329,FB.OQ,B,1,220.95,NSM_trader18,0,EQUITY_EXCHANGE,,FALSE,
new,2015.04.20D15:00:17.559293831,HOR_NSM__oid1891572,FB.OQ,B,1,220.87,NSM_trader19,1,EQUITY_EXCHANGE,,FALSE,
filled,2015.04.20D15:00:18.559293831,HOR_NSM__oid1891572,FB.OQ,B,1,220.87,NSM_trader19,0,EQUITY_EXCHANGE,,FALSE,
new,2015.04.20D15:00:21.291570115,HOR_NSM__oid1892288,FB.OQ,S,1,220.91,NSM_trader20,1,EQUITY_EXCHANGE,,FALSE,
filled,2015.04.20D15:00:22.291570115,HOR_NSM__oid1892288,FB.OQ,S,1,220.91,NSM_trader20,0,EQUITY_EXCHANGE,,FALSE,
new,2015.04.20D15:00:23.336070767,HOR_NSM__oid1892949,FB.OQ,S,6,220.89,NSM_trader21,6,EQUITY_EXCHANGE,,FALSE,
filled,2015.04.20D15:00:24.336070767,HOR_NSM__oid1892949,FB.OQ,S,6,220.89,NSM_trader21,0,EQUITY_EXCHANGE,,FALSE,
new,2015.04.20D15:00:25.311610415,HOR_NSM__oid1893286,FB.OQ,S,4,220.89,NSM_trader22,4,EQUITY_EXCHANGE,,FALSE,
new,2015.04.20D15:00:25.312202945,HOR_NSM__oid1893301,FB.OQ,B,1,220.87,NSM_demoTrader,1,EQUITY_EXCHANGE,0D00:00:23.236545972,FALSE,
filled,2015.04.20D15:00:26.311610415,HOR_NSM__oid1893286,FB.OQ,S,4,220.89,NSM_trader22,0,EQUITY_EXCHANGE,,FALSE,
filled,2015.04.20D15:00:26.312202945,HOR_NSM__oid1893301,FB.OQ,B,1,220.87,NSM_demoTrader,0,EQUITY_EXCHANGE,,FALSE,
new,2015.04.20D15:00:26.599218603,HOR_NSM__oid1893600,FB.OQ,B,1,220.88,NSM_demoTrader,1,EQUITY_EXCHANGE,0D00:00:01.287015658,TRUE,
filled,2015.04.20D15:00:27.599218603,HOR_NSM__oid1893600,FB.OQ,B,1,220.88,NSM_demoTrader,0,EQUITY_EXCHANGE,,FALSE,
new,2015.04.20D15:00:31.415087790,HOR_NSM__oid1894700,FB.OQ,S,4,220.97,NSM_demoTrader,4,EQUITY_EXCHANGE,0D00:00:04.815869187,TRUE,
new,2015.04.20D15:00:31.451528585,HOR_NSM__oid1894723,FB.OQ,B,1,220.9,NSM_trader26,1,EQUITY_EXCHANGE,,FALSE,
filled,2015.04.20D15:00:32.415087790,HOR_NSM__oid1894700,FB.OQ,S,4,220.97,NSM_demoTrader,0,EQUITY_EXCHANGE,,FALSE,
filled,2015.04.20D15:00:32.451528585,HOR_NSM__oid1894723,FB.OQ,B,1,220.9,NSM_trader26,0,EQUITY_EXCHANGE,,FALSE,
new,2015.04.20D15:00:33.616764965,HOR_NSM__oid1895052,FB.OQ,S,1,220.97,NSM_trader27,1,EQUITY_EXCHANGE,,FALSE,
new,2015.04.20D15:00:33.823686614,HOR_NSM__oid1895146,FB.OQ,B,1,220.88,NSM_trader28,1,EQUITY_EXCHANGE,,FALSE,
new,2015.04.20D15:00:34.315718896,HOR_NSM__oid1895262,FB.OQ,S,1,220.96,NSM_trader29,1,EQUITY_EXCHANGE,,FALSE,
filled,2015.04.20D15:00:34.616764965,HOR_NSM__oid1895052,FB.OQ,S,1,220.97,NSM_trader27,0,EQUITY_EXCHANGE,,FALSE,
new,2015.04.20D15:00:34.699191378,HOR_NSM__oid1895345,FB.OQ,S,2,220.96,NSM_trader30,2,EQUITY_EXCHANGE,,FALSE,
new,2015.04.20D15:00:34.799750681,HOR_NSM__oid1895373,FB.OQ,S,2,220.96,NSM_trader31,2,EQUITY_EXCHANGE,,FALSE,
filled,2015.04.20D15:00:34.823686614,HOR_NSM__oid1895146,FB.OQ,B,1,220.88,NSM_trader28,0,EQUITY_EXCHANGE,,FALSE,
filled,2015.04.20D15:00:35.315718896,HOR_NSM__oid1895262,FB.OQ,S,1,220.96,NSM_trader29,0,EQUITY_EXCHANGE,,FALSE,
replaced,2015.04.20D15:00:35.699191378,HOR_NSM__oid1895345,FB.OQ,S,7,220.96,NSM_trader30,7,EQUITY_EXCHANGE,,FALSE,
filled,2015.04.20D15:00:35.799750681,HOR_NSM__oid1895373,FB.OQ,S,2,220.96,NSM_trader31,0,EQUITY_EXCHANGE,,FALSE,
filled,2015.04.20D15:00:36.699191378,HOR_NSM__oid1895345,FB.OQ,S,7,220.96,NSM_trader30,0,EQUITY_EXCHANGE,,FALSE,
new,2015.04.20D15:00:37.863949084,HOR_NSM__oid1896038,FB.OQ,B,1,220.89,NSM_trader32,1,EQUITY_EXCHANGE,,FALSE,
filled,2015.04.20D15:00:38.863949084,HOR_NSM__oid1896038,FB.OQ,B,1,220.89,NSM_trader32,0,EQUITY_EXCHANGE,,FALSE,
new,2015.04.20D15:00:39.320039321,HOR_NSM__oid1896417,FB.OQ,B,1,220.84,NSM_trader33,1,EQUITY_EXCHANGE,,FALSE,
filled,2015.04.20D15:00:40.320039321,HOR_NSM__oid1896417,FB.OQ,B,1,220.84,NSM_trader33,0,EQUITY_EXCHANGE,,FALSE,
new,2015.04.20D15:00:40.895628452,HOR_NSM__oid1896739,FB.OQ,B,2,220.83,NSM_trader34,2,EQUITY_EXCHANGE,,FALSE,
new,2015.04.20D15:00:41.048152805,HOR_NSM__oid1896791,FB.OQ,B,1,220.83,NSM_trader35,1,EQUITY_EXCHANGE,,FALSE,
filled,2015.04.20D15:00:41.895628452,HOR_NSM__oid1896739,FB.OQ,B,2,220.83,NSM_trader34,0,EQUITY_EXCHANGE,,FALSE,
filled,2015.04.20D15:00:42.048152805,HOR_NSM__oid1896791,FB.OQ,B,1,220.83,NSM_trader35,0,EQUITY_EXCHANGE,,FALSE,
new,2015.04.20D15:00:43.959382962,HOR_NSM__oid1897126,FB.OQ,B,1,220.82,NSM_trader36,1,EQUITY_EXCHANGE,,FALSE,
new,2015.04.20D15:00:44.930979835,HOR_NSM__oid1897250,FB.OQ,B,4,220.78,NSM_trader37,4,EQUITY_EXCHANGE,,FALSE,
filled,2015.04.20D15:00:44.959382962,HOR_NSM__oid1897126,FB.OQ,B,1,220.82,NSM_trader36,0,EQUITY_EXCHANGE,,FALSE,
filled,2015.04.20D15:00:45.930979835,HOR_NSM__oid1897250,FB.OQ,B,4,220.78,NSM_trader37,0,EQUITY_EXCHANGE,,FALSE,
new,2015.04.20D15:00:46.503552139,HOR_NSM__oid1897379,FB.OQ,S,2,220.86,NSM_trader38,2,EQUITY_EXCHANGE,,FALSE,
filled,2015.04.20D15:00:47.503552139,HOR_NSM__oid1897379,FB.OQ,S,2,220.86,NSM_trader38,0,EQUITY_EXCHANGE,,FALSE,
new,2015.04.20D15:00:47.619628595,HOR_NSM__oid1897634,FB.OQ,B,2,220.78,NSM_trader39,2,EQUITY_EXCHANGE,,FALSE,
new,2015.04.20D15:00:48.435684669,HOR_NSM__oid1897874,FB.OQ,B,2,220.76,NSM_trader40,2,EQUITY_EXCHANGE,,FALSE,
filled,2015.04.20D15:00:48.619628595,HOR_NSM__oid1897634,FB.OQ,B,2,220.78,NSM_trader39,0,EQUITY_EXCHANGE,,FALSE,
filled,2015.04.20D15:00:49.435684669,HOR_NSM__oid1897874,FB.OQ,B,2,220.76,NSM_trader40,0,EQUITY_EXCHANGE,,FALSE,
new,2015.04.20D15:00:52.707957194,HOR_NSM__oid1898592,FB.OQ,B,1,220.81,NSM_trader41,1,EQUITY_EXCHANGE,,FALSE,
new,2015.04.20D15:00:52.839967912,HOR_NSM__oid1898609,FB.OQ,S,1,220.85,NSM_trader42,1,EQUITY_EXCHANGE,,FALSE,
new,2015.04.20D15:00:53.011980065,HOR_NSM__oid1898706,FB.OQ,S,3,220.86,NSM_trader43,3,EQUITY_EXCHANGE,,FALSE,
new,2015.04.20D15:00:53.508012475,HOR_NSM__oid1898881,FB.OQ,S,3,220.9,NSM_trader44,3,EQUITY_EXCHANGE,,FALSE,
filled,2015.04.20D15:00:53.707957194,HOR_NSM__oid1898592,FB.OQ,B,1,220.81,NSM_trader41,0,EQUITY_EXCHANGE,,FALSE,
filled,2015.04.20D15:00:53.839967912,HOR_NSM__oid1898609,FB.OQ,S,1,220.85,NSM_trader42,0,EQUITY_EXCHANGE,,FALSE,
filled,2015.04.20D15:00:54.011980065,HOR_NSM__oid1898706,FB.OQ,S,3,220.86,NSM_trader43,0,EQUITY_EXCHANGE,,FALSE,
new,2015.04.20D15:00:54.132056443,HOR_NSM__oid1898980,FB.OQ,B,2,220.83,NSM_trader45,2,EQUITY_EXCHANGE,,FALSE,
filled,2015.04.20D15:00:54.508012475,HOR_NSM__oid1898881,FB.OQ,S,3,220.9,NSM_trader44,0,EQUITY_EXCHANGE,,FALSE,
replaced,2015.04.20D15:00:55.132056443,HOR_NSM__oid1898980,FB.OQ,B,7,220.83,NSM_trader45,7,EQUITY_EXCHANGE,,FALSE,
new,2015.04.20D15:00:55.920169534,HOR_NSM__oid1899425,FB.OQ,B,1,220.82,NSM_trader46,1,EQUITY_EXCHANGE,,FALSE,
filled,2015.04.20D15:00:56.132056443,HOR_NSM__oid1898980,FB.OQ,B,7,220.83,NSM_trader45,0,EQUITY_EXCHANGE,,FALSE,
filled,2015.04.20D15:00:56.920169534,HOR_NSM__oid1899425,FB.OQ,B,1,220.82,NSM_trader46,0,EQUITY_EXCHANGE,,FALSE,
new,2015.04.20D15:00:57.792315719,HOR_NSM__oid1899659,FB.OQ,S,1,220.87,NSM_trader47,1,EQUITY_EXCHANGE,,FALSE,
new,2015.04.20D15:00:57.911392011,HOR_NSM__oid1899674,FB.OQ,S,3,220.88,NSM_trader48,3,EQUITY_EXCHANGE,,FALSE,
new,2015.04.20D15:00:58.759303421,HOR_NSM__oid1899859,FB.OQ,S,1,220.87,NSM_trader49,1,EQUITY_EXCHANGE,,FALSE,
filled,2015.04.20D15:00:58.792315719,HOR_NSM__oid1899659,FB.OQ,S,1,220.87,NSM_trader47,0,EQUITY_EXCHANGE,,FALSE,
filled,2015.04.20D15:00:58.911392011,HOR_NSM__oid1899674,FB.OQ,S,3,220.88,NSM_trader48,0,EQUITY_EXCHANGE,,FALSE,
filled,2015.04.20D15:00:59.759303421,HOR_NSM__oid1899859,FB.OQ,S,1,220.87,NSM_trader49,0,EQUITY_EXCHANGE,,FALSE,
new,2015.04.20D15:01:00.254472743,HOR_NSM__oid1900096,FB.OQ,B,2,220.77,NSM_trader50,2,EQUITY_EXCHANGE,,FALSE,
new,2015.04.20D15:01:00.934511002,HOR_NSM__oid1900258,FB.OQ,B,2,220.76,NSM_trader51,2,EQUITY_EXCHANGE,,FALSE,
filled,2015.04.20D15:01:01.254472743,HOR_NSM__oid1900096,FB.OQ,B,2,220.77,NSM_trader50,0,EQUITY_EXCHANGE,,FALSE,
filled,2015.04.20D15:01:01.934511002,HOR_NSM__oid1900258,FB.OQ,B,2,220.76,NSM_trader51,0,EQUITY_EXCHANGE,,FALSE,
new,2015.04.20D15:01:03.739620467,HOR_NSM__oid1900732,FB.OQ,B,1,220.83,NSM_trader52,1,EQUITY_EXCHANGE,,FALSE,
new,2015.04.20D15:01:04.599678566,HOR_NSM__oid1900868,FB.OQ,B,1,220.83,NSM_trader53,1,EQUITY_EXCHANGE,,FALSE,
filled,2015.04.20D15:01:04.739620467,HOR_NSM__oid1900732,FB.OQ,B,1,220.83,NSM_trader52,0,EQUITY_EXCHANGE,,FALSE,
filled,2015.04.20D15:01:05.599678566,HOR_NSM__oid1900868,FB.OQ,B,1,220.83,NSM_trader53,0,EQUITY_EXCHANGE,,FALSE,
new,2015.04.20D15:01:05.683746100,HOR_NSM__oid1901012,FB.OQ,B,1,220.85,NSM_trader54,1,EQUITY_EXCHANGE,,FALSE,
filled,2015.04.20D15:01:06.683746100,HOR_NSM__oid1901012,FB.OQ,B,1,220.85,NSM_trader54,0,EQUITY_EXCHANGE,,FALSE,
new,2015.04.20D15:01:07.823879683,HOR_NSM__oid1901326,FB.OQ,B,1,220.8,NSM_trader55,1,EQUITY_EXCHANGE,,FALSE,
new,2015.04.20D15:01:08.719335823,HOR_NSM__oid1901401,FB.OQ,S,4,220.85,NSM_demoTrader,4,EQUITY_EXCHANGE,0D00:00:37.304248033,FALSE,
filled,2015.04.20D15:01:08.823879683,HOR_NSM__oid1901326,FB.OQ,B,1,220.8,NSM_trader55,0,EQUITY_EXCHANGE,,FALSE,
new,2015.04.20D15:01:09.251984874,HOR_NSM__oid1901443,FB.OQ,S,4,220.85,NSM_trader57,4,EQUITY_EXCHANGE,,FALSE,
new,2015.04.20D15:01:09.443988188,HOR_NSM__oid1901490,FB.OQ,S,4,220.85,NSM_trader58,4,EQUITY_EXCHANGE,,FALSE,
filled,2015.04.20D15:01:09.719335823,HOR_NSM__oid1901401,FB.OQ,S,4,220.85,NSM_demoTrader,0,EQUITY_EXCHANGE,,FALSE,
new,2015.04.20D15:01:10.140029766,HOR_NSM__oid1901601,FB.OQ,S,4,220.85,NSM_demoTrader,4,EQUITY_EXCHANGE,0D00:00:01.420693943,TRUE,
filled,2015.04.20D15:01:10.251984874,HOR_NSM__oid1901443,FB.OQ,S,4,220.85,NSM_trader57,0,EQUITY_EXCHANGE,,FALSE,
filled,2015.04.20D15:01:10.443988188,HOR_NSM__oid1901490,FB.OQ,S,4,220.85,NSM_trader58,0,EQUITY_EXCHANGE,,FALSE,
filled,2015.04.20D15:01:11.140029766,HOR_NSM__oid1901601,FB.OQ,S,4,220.85,NSM_demoTrader,0,EQUITY_EXCHANGE,,FALSE,
new,2015.04.20D15:01:12.934464237,HOR_NSM__oid1901945,FB.OQ,S,1,220.85,NSM_trader60,1,EQUITY_EXCHANGE,,FALSE,
new,2015.04.20D15:01:13.220232983,HOR_NSM__oid1901987,FB.OQ,S,4,220.88,NSM_trader61,4,EQUITY_EXCHANGE,,FALSE,
new,2015.04.20D15:01:13.491405171,HOR_NSM__oid1902025,FB.OQ,S,3,220.88,NSM_trader62,3,EQUITY_EXCHANGE,,FALSE,
replaced,2015.04.20D15:01:13.934464237,HOR_NSM__oid1901945,FB.OQ,S,6,220.85,NSM_trader60,6,EQUITY_EXCHANGE,,FALSE,
filled,2015.04.20D15:01:14.220232983,HOR_NSM__oid1901987,FB.OQ,S,4,220.88,NSM_trader61,0,EQUITY_EXCHANGE,,FALSE,
filled,2015.04.20D15:01:14.491405171,HOR_NSM__oid1902025,FB.OQ,S,3,220.88,NSM_trader62,0,EQUITY_EXCHANGE,,FALSE,
partiallyFilled,2015.04.20D15:01:14.934464237,HOR_NSM__oid1901945,FB.OQ,S,6,220.85,NSM_trader60,6,EQUITY_EXCHANGE,,FALSE,
new,2015.04.20D15:01:15.547835163,HOR_NSM__oid1902300,FB.OQ,B,1,220.8,NSM_demoTrader,1,EQUITY_EXCHANGE,0D00:00:05.407805397,TRUE,
filled,2015.04.20D15:01:15.934464237,HOR_NSM__oid1901945,FB.OQ,S,6,220.85,NSM_trader60,0,EQUITY_EXCHANGE,,FALSE,
filled,2015.04.20D15:01:16.547835163,HOR_NSM__oid1902300,FB.OQ,B,1,220.8,NSM_demoTrader,0,EQUITY_EXCHANGE,,FALSE,
new,2015.04.20D15:01:17.566525726,HOR_NSM__oid1902574,FB.OQ,S,3,220.86,NSM_trader64,3,EQUITY_EXCHANGE,,FALSE,
new,2015.04.20D15:01:18.483627270,HOR_NSM__oid1902617,FB.OQ,S,1,220.82,NSM_trader65,1,EQUITY_EXCHANGE,,FALSE,
filled,2015.04.20D15:01:18.566525726,HOR_NSM__oid1902574,FB.OQ,S,3,220.86,NSM_trader64,0,EQUITY_EXCHANGE,,FALSE,
new,2015.04.20D15:01:18.622615219,HOR_NSM__oid1902648,FB.OQ,B,2,220.78,NSM_trader66,2,EQUITY_EXCHANGE,,FALSE,
new,2015.04.20D15:01:18.946399947,HOR_NSM__oid1902700,FB.OQ,B,1,220.81,NSM_demoTrader,1,EQUITY_EXCHANGE,0D00:00:03.398564784,TRUE,
filled,2015.04.20D15:01:19.483627270,HOR_NSM__oid1902617,FB.OQ,S,1,220.82,NSM_trader65,0,EQUITY_EXCHANGE,,FALSE,
filled,2015.04.20D15:01:19.622615219,HOR_NSM__oid1902648,FB.OQ,B,2,220.78,NSM_trader66,0,EQUITY_EXCHANGE,,FALSE,
filled,2015.04.20D15:01:19.946399947,HOR_NSM__oid1902700,FB.OQ,B,1,220.81,NSM_demoTrader,0,EQUITY_EXCHANGE,,FALSE,
new,2015.04.20D15:01:21.559820128,HOR_NSM__oid1903059,FB.OQ,S,4,220.85,NSM_trader68,4,EQUITY_EXCHANGE,,FALSE,
filled,2015.04.20D15:01:22.559820128,HOR_NSM__oid1903059,FB.OQ,S,4,220.85,NSM_trader68,0,EQUITY_EXCHANGE,,FALSE,
new,2015.04.20D15:01:23.942922197,HOR_NSM__oid1903465,FB.OQ,B,1,220.77,NSM_trader69,1,EQUITY_EXCHANGE,,FALSE,
new,2015.04.20D15:01:24.314975759,HOR_NSM__oid1903521,FB.OQ,S,3,220.84,NSM_trader70,3,EQUITY_EXCHANGE,,FALSE,
new,2015.04.20D15:01:24.922779909,HOR_NSM__oid1903672,FB.OQ,S,4,220.84,NSM_trader71,4,EQUITY_EXCHANGE,,FALSE,
filled,2015.04.20D15:01:24.942922197,HOR_NSM__oid1903465,FB.OQ,B,1,220.77,NSM_trader69,0,EQUITY_EXCHANGE,,FALSE,
filled,2015.04.20D15:01:25.314975759,HOR_NSM__oid1903521,FB.OQ,S,3,220.84,NSM_trader70,0,EQUITY_EXCHANGE,,FALSE,
filled,2015.04.20D15:01:25.922779909,HOR_NSM__oid1903672,FB.OQ,S,4,220.84,NSM_trader71,0,EQUITY_EXCHANGE,,FALSE,
new,2015.04.20D15:01:27.323012127,HOR_NSM__oid1904027,FB.OQ,B,1,220.81,NSM_trader72,1,EQUITY_EXCHANGE,,FALSE,
new,2015.04.20D15:01:27.427168069,HOR_NSM__oid1904092,FB.OQ,B,1,220.8,NSM_trader73,1,EQUITY_EXCHANGE,,FALSE,
filled,2015.04.20D15:01:28.323012127,HOR_NSM__oid1904027,FB.OQ,B,1,220.81,NSM_trader72,0,EQUITY_EXCHANGE,,FALSE,
new,2015.04.20D15:01:28.407207688,HOR_NSM__oid1904355,FB.OQ,S,3,220.84,NSM_trader74,3,EQUITY_EXCHANGE,,FALSE,
filled,2015.04.20D15:01:28.427168069,HOR_NSM__oid1904092,FB.OQ,B,1,220.8,NSM_trader73,0,EQUITY_EXCHANGE,,FALSE,
filled,2015.04.20D15:01:29.407207688,HOR_NSM__oid1904355,FB.OQ,S,3,220.84,NSM_trader74,0,EQUITY_EXCHANGE,,FALSE,
new,2015.04.20D15:01:30.075139316,HOR_NSM__oid1904603,FB.OQ,S,2,220.84,NSM_demoTrader,2,EQUITY_EXCHANGE,0D00:00:11.128739369,TRUE,
new,2015.04.20D15:01:30.484215891,HOR_NSM__oid1904682,FB.OQ,B,1,220.8,NSM_trader76,1,EQUITY_EXCHANGE,,FALSE,
replaced,2015.04.20D15:01:31.075139316,HOR_NSM__oid1904603,FB.OQ,S,7,220.84,NSM_demoTrader,7,EQUITY_EXCHANGE,0D00:00:01.000000000,TRUE,
filled,2015.04.20D15:01:31.484215891,HOR_NSM__oid1904682,FB.OQ,B,1,220.8,NSM_trader76,0,EQUITY_EXCHANGE,,FALSE,
replaced,2015.04.20D15:01:32.075139316,HOR_NSM__oid1904603,FB.OQ,S,12,220.84,NSM_demoTrader,12,EQUITY_EXCHANGE,0D00:00:01.000000000,TRUE,
filled,2015.04.20D15:01:33.075139316,HOR_NSM__oid1904603,FB.OQ,S,12,220.84,NSM_demoTrader,0,EQUITY_EXCHANGE,,FALSE,
new,2015.04.20D15:01:33.603553471,HOR_NSM__oid1905252,FB.OQ,B,2,220.77,NSM_trader77,2,EQUITY_EXCHANGE,,FALSE,
filled,2015.04.20D15:01:34.603553471,HOR_NSM__oid1905252,FB.OQ,B,2,220.77,NSM_trader77,0,EQUITY_EXCHANGE,,FALSE,
new,2015.04.20D15:01:35.646403995,HOR_NSM__oid1905361,FB.OQ,B,2,220.77,NSM_trader78,2,EQUITY_EXCHANGE,,FALSE,
new,2015.04.20D15:01:36.150429157,HOR_NSM__oid1905423,FB.OQ,B,1,220.81,NSM_trader79,1,EQUITY_EXCHANGE,,FALSE,
filled,2015.04.20D15:01:36.646403995,HOR_NSM__oid1905361,FB.OQ,B,2,220.77,NSM_trader78,0,EQUITY_EXCHANGE,,FALSE,
filled,2015.04.20D15:01:37.150429157,HOR_NSM__oid1905423,FB.OQ,B,1,220.81,NSM_trader79,0,EQUITY_EXCHANGE,,FALSE,
new,2015.04.20D15:01:38.018896223,HOR_NSM__oid1906046,FB.OQ,S,1,220.85,NSM_trader80,1,EQUITY_EXCHANGE,,FALSE,
new,2015.04.20D15:01:38.142903877,HOR_NSM__oid1906111,FB.OQ,S,1,220.88,NSM_trader81,1,EQUITY_EXCHANGE,,FALSE,
filled,2015.04.20D15:01:39.018896223,HOR_NSM__oid1906046,FB.OQ,S,1,220.85,NSM_trader80,0,EQUITY_EXCHANGE,,FALSE,
filled,2015.04.20D15:01:39.142903877,HOR_NSM__oid1906111,FB.OQ,S,1,220.88,NSM_trader81,0,EQUITY_EXCHANGE,,FALSE,
new,2015.04.20D15:01:39.802748787,HOR_NSM__oid1906282,FB.OQ,B,1,220.8,NSM_trader82,1,EQUITY_EXCHANGE,,FALSE,
new,2015.04.20D15:01:40.411036211,HOR_NSM__oid1906457,FB.OQ,B,2,220.83,NSM_trader83,2,EQUITY_EXCHANGE,,FALSE,
filled,2015.04.20D15:01:40.802748787,HOR_NSM__oid1906282,FB.OQ,B,1,220.8,NSM_trader82,0,EQUITY_EXCHANGE,,FALSE,
new,2015.04.20D15:01:40.807065296,HOR_NSM__oid1906568,FB.OQ,S,1,220.88,NSM_trader84,1,EQUITY_EXCHANGE,,FALSE,
filled,2015.04.20D15:01:41.411036211,HOR_NSM__oid1906457,FB.OQ,B,2,220.83,NSM_trader83,0,EQUITY_EXCHANGE,,FALSE,
new,2015.04.20D15:01:41.454802705,HOR_NSM__oid1906649,FB.OQ,B,2,220.82,NSM_trader85,2,EQUITY_EXCHANGE,,FALSE,
filled,2015.04.20D15:01:41.807065296,HOR_NSM__oid1906568,FB.OQ,S,1,220.88,NSM_trader84,0,EQUITY_EXCHANGE,,FALSE,
filled,2015.04.20D15:01:42.454802705,HOR_NSM__oid1906649,FB.OQ,B,2,220.82,NSM_trader85,0,EQUITY_EXCHANGE,,FALSE,
new,2015.04.20D15:01:42.851195671,HOR_NSM__oid1906865,FB.OQ,S,1,220.88,NSM_trader86,1,EQUITY_EXCHANGE,,FALSE,
filled,2015.04.20D15:01:43.851195671,HOR_NSM__oid1906865,FB.OQ,S,1,220.88,NSM_trader86,0,EQUITY_EXCHANGE,,FALSE,
new,2015.04.20D15:01:47.403152171,HOR_NSM__oid1907580,FB.OQ,S,4,220.9,NSM_trader87,4,EQUITY_EXCHANGE,,FALSE,
new,2015.04.20D15:01:47.419488909,HOR_NSM__oid1907595,FB.OQ,S,3,220.9,NSM_trader88,3,EQUITY_EXCHANGE,,FALSE,
new,2015.04.20D15:01:47.903525813,HOR_NSM__oid1907657,FB.OQ,B,2,220.89,NSM_trader89,2,EQUITY_EXCHANGE,,FALSE,
new,2015.04.20D15:01:48.215466356,HOR_NSM__oid1907707,FB.OQ,B,1,220.9,NSM_trader90,1,EQUITY_EXCHANGE,,FALSE,
filled,2015.04.20D15:01:48.403152171,HOR_NSM__oid1907580,FB.OQ,S,4,220.9,NSM_trader87,0,EQUITY_EXCHANGE,,FALSE,
filled,2015.04.20D15:01:48.419488909,HOR_NSM__oid1907595,FB.OQ,S,3,220.9,NSM_trader88,0,EQUITY_EXCHANGE,,FALSE,
new,2015.04.20D15:01:48.479561298,HOR_NSM__oid1907743,FB.OQ,S,3,220.95,NSM_trader91,3,EQUITY_EXCHANGE,,FALSE,
new,2015.04.20D15:01:48.791579626,HOR_NSM__oid1907799,FB.OQ,B,1,220.91,NSM_trader92,1,EQUITY_EXCHANGE,,FALSE,
filled,2015.04.20D15:01:48.903525813,HOR_NSM__oid1907657,FB.OQ,B,2,220.89,NSM_trader89,0,EQUITY_EXCHANGE,,FALSE,
replaced,2015.04.20D15:01:49.215466356,HOR_NSM__oid1907707,FB.OQ,B,6,220.9,NSM_trader90,6,EQUITY_EXCHANGE,,FALSE,
filled,2015.04.20D15:01:49.479561298,HOR_NSM__oid1907743,FB.OQ,S,3,220.95,NSM_trader91,0,EQUITY_EXCHANGE,,FALSE,
new,2015.04.20D15:01:49.655634382,HOR_NSM__oid1907889,FB.OQ,S,3,220.95,NSM_trader93,3,EQUITY_EXCHANGE,,FALSE,
filled,2015.04.20D15:01:49.791579626,HOR_NSM__oid1907799,FB.OQ,B,1,220.91,NSM_trader92,0,EQUITY_EXCHANGE,,FALSE,
filled,2015.04.20D15:01:50.215466356,HOR_NSM__oid1907707,FB.OQ,B,6,220.9,NSM_trader90,0,EQUITY_EXCHANGE,,FALSE,
filled,2015.04.20D15:01:50.655634382,HOR_NSM__oid1907889,FB.OQ,S,3,220.95,NSM_trader93,0,EQUITY_EXCHANGE,,FALSE,
new,2015.04.20D15:01:52.958803412,HOR_NSM__oid1908305,FB.OQ,B,2,220.89,NSM_demoTrader,2,EQUITY_EXCHANGE,0D00:00:20.883664096,FALSE,
new,2015.04.20D15:01:53.702531239,HOR_NSM__oid1908409,FB.OQ,B,2,220.84,NSM_trader95,2,EQUITY_EXCHANGE,,FALSE,
filled,2015.04.20D15:01:53.958803412,HOR_NSM__oid1908305,FB.OQ,B,2,220.89,NSM_demoTrader,0,EQUITY_EXCHANGE,,FALSE,
filled,2015.04.20D15:01:54.702531239,HOR_NSM__oid1908409,FB.OQ,B,2,220.84,NSM_trader95,0,EQUITY_EXCHANGE,,FALSE,
new,2015.04.20D15:01:54.722363714,HOR_NSM__oid1908468,FB.OQ,S,1,220.92,NSM_trader96,1,EQUITY_EXCHANGE,,FALSE,
filled,2015.04.20D15:01:55.722363714,HOR_NSM__oid1908468,FB.OQ,S,1,220.92,NSM_trader96,0,EQUITY_EXCHANGE,,FALSE,
new,2015.04.20D15:01:58.431152584,HOR_NSM__oid1909106,FB.OQ,B,1,220.8,NSM_trader97,1,EQUITY_EXCHANGE,,FALSE,
new,2015.04.20D15:01:59.123214506,HOR_NSM__oid1909180,FB.OQ,B,7,220.75,NSM_trader98,7,EQUITY_EXCHANGE,,FALSE,
filled,2015.04.20D15:01:59.431152584,HOR_NSM__oid1909106,FB.OQ,B,1,220.8,NSM_trader97,0,EQUITY_EXCHANGE,,FALSE,
filled,2015.04.20D15:02:00.123214506,HOR_NSM__oid1909180,FB.OQ,B,7,220.75,NSM_trader98,0,EQUITY_EXCHANGE,,FALSE,
new,2015.04.20D15:02:01.131329032,HOR_NSM__oid1909450,FB.OQ,S,4,220.85,NSM_trader99,4,EQUITY_EXCHANGE,,FALSE,
new,2015.04.20D15:02:01.839379909,HOR_NSM__oid1909504,FB.OQ,B,1,220.81,NSM_demoTrader,1,EQUITY_EXCHANGE,0D00:00:08.880576497,TRUE,
filled,2015.04.20D15:02:02.131329032,HOR_NSM__oid1909450,FB.OQ,S,4,220.85,NSM_trader99,0,EQUITY_EXCHANGE,,FALSE,
new,2015.04.20D15:02:02.162951740,HOR_NSM__oid1909572,FB.OQ,S,3,220.85,NSM_trader101,3,EQUITY_EXCHANGE,,FALSE,
filled,2015.04.20D15:02:02.839379909,HOR_NSM__oid1909504,FB.OQ,B,1,220.81,NSM_demoTrader,0,EQUITY_EXCHANGE,,FALSE,
filled,2015.04.20D15:02:03.162951740,HOR_NSM__oid1909572,FB.OQ,S,3,220.85,NSM_trader101,0,EQUITY_EXCHANGE,,FALSE,
new,2015.04.20D15:02:05.147591752,HOR_NSM__oid1910046,FB.OQ,S,3,220.84,NSM_trader102,3,EQUITY_EXCHANGE,,FALSE,
filled,2015.04.20D15:02:06.147591752,HOR_NSM__oid1910046,FB.OQ,S,3,220.84,NSM_trader102,0,EQUITY_EXCHANGE,,FALSE,
new,2015.04.20D15:02:06.375120211,HOR_NSM__oid1910187,FB.OQ,B,2,220.82,NSM_trader103,2,EQUITY_EXCHANGE,,FALSE,
new,2015.04.20D15:02:06.759689752,HOR_NSM__oid1910329,FB.OQ,S,2,220.84,NSM_trader104,2,EQUITY_EXCHANGE,,FALSE,
filled,2015.04.20D15:02:07.375120211,HOR_NSM__oid1910187,FB.OQ,B,2,220.82,NSM_trader103,0,EQUITY_EXCHANGE,,FALSE,
new,2015.04.20D15:02:07.455285090,HOR_NSM__oid1910431,FB.OQ,B,3,220.81,NSM_trader105,3,EQUITY_EXCHANGE,,FALSE,
filled,2015.04.20D15:02:07.759689752,HOR_NSM__oid1910329,FB.OQ,S,2,220.84,NSM_trader104,0,EQUITY_EXCHANGE,,FALSE,
replaced,2015.04.20D15:02:08.455285090,HOR_NSM__oid1910431,FB.OQ,B,8,220.81,NSM_trader105,8,EQUITY_EXCHANGE,,FALSE,
filled,2015.04.20D15:02:09.455285090,HOR_NSM__oid1910431,FB.OQ,B,8,220.81,NSM_trader105,0,EQUITY_EXCHANGE,,FALSE,
new,2015.04.20D15:02:12.019082741,HOR_NSM__oid1910955,FB.OQ,B,1,220.81,NSM_trader106,1,EQUITY_EXCHANGE,,FALSE,
new,2015.04.20D15:02:12.027087813,HOR_NSM__oid1910970,FB.OQ,S,2,220.85,NSM_trader107,2,EQUITY_EXCHANGE,,FALSE,
filled,2015.04.20D15:02:13.019082741,HOR_NSM__oid1910955,FB.OQ,B,1,220.81,NSM_trader106,0,EQUITY_EXCHANGE,,FALSE,
filled,2015.04.20D15:02:13.027087813,HOR_NSM__oid1910970,FB.OQ,S,2,220.85,NSM_trader107,0,EQUITY_EXCHANGE,,FALSE,
new,2015.04.20D15:02:14.859263748,HOR_NSM__oid1911136,FB.OQ,S,3,220.86,NSM_trader108,3,EQUITY_EXCHANGE,,FALSE,
new,2015.04.20D15:02:15.023304580,HOR_NSM__oid1911220,FB.OQ,B,2,220.86,NSM_trader109,2,EQUITY_EXCHANGE,,FALSE,
new,2015.04.20D15:02:15.266681814,HOR_NSM__oid1911312,FB.OQ,B,3,220.91,NSM_trader110,3,EQUITY_EXCHANGE,,FALSE,
new,2015.04.20D15:02:15.283299008,HOR_NSM__oid1911327,FB.OQ,B,2,220.92,NSM_trader111,2,EQUITY_EXCHANGE,,FALSE,
new,2015.04.20D15:02:15.523299036,HOR_NSM__oid1911425,FB.OQ,B,2,220.91,NSM_trader112,2,EQUITY_EXCHANGE,,FALSE,
filled,2015.04.20D15:02:15.859263748,HOR_NSM__oid1911136,FB.OQ,S,3,220.86,NSM_trader108,0,EQUITY_EXCHANGE,,FALSE,
filled,2015.04.20D15:02:16.023304580,HOR_NSM__oid1911220,FB.OQ,B,2,220.86,NSM_trader109,0,EQUITY_EXCHANGE,,FALSE,
filled,2015.04.20D15:02:16.266681814,HOR_NSM__oid1911312,FB.OQ,B,3,220.91,NSM_trader110,0,EQUITY_EXCHANGE,,FALSE,
filled,2015.04.20D15:02:16.283299008,HOR_NSM__oid1911327,FB.OQ,B,2,220.92,NSM_trader111,0,EQUITY_EXCHANGE,,FALSE,
filled,2015.04.20D15:02:16.523299036,HOR_NSM__oid1911425,FB.OQ,B,2,220.91,NSM_trader112,0,EQUITY_EXCHANGE,,FALSE,
new,2015.04.20D15:02:16.870680988,HOR_NSM__oid1911809,FB.OQ,B,2,220.88,NSM_trader113,2,EQUITY_EXCHANGE,,FALSE,
filled,2015.04.20D15:02:17.870680988,HOR_NSM__oid1911809,FB.OQ,B,2,220.88,NSM_trader113,0,EQUITY_EXCHANGE,,FALSE,
new,2015.04.20D15:02:19.283533692,HOR_NSM__oid1912034,FB.OQ,S,1,220.93,NSM_trader114,1,EQUITY_EXCHANGE,,FALSE,
filled,2015.04.20D15:02:20.283533692,HOR_NSM__oid1912034,FB.OQ,S,1,220.93,NSM_trader114,0,EQUITY_EXCHANGE,,FALSE,
new,2015.04.20D15:02:20.542994619,HOR_NSM__oid1912192,FB.OQ,B,2,220.88,NSM_trader115,2,EQUITY_EXCHANGE,,FALSE,
filled,2015.04.20D15:02:21.542994619,HOR_NSM__oid1912192,FB.OQ,B,2,220.88,NSM_trader115,0,EQUITY_EXCHANGE,,FALSE,
new,2015.04.20D15:02:21.943735715,HOR_NSM__oid1912446,FB.OQ,B,1,220.9,NSM_trader116,1,EQUITY_EXCHANGE,,FALSE,
filled,2015.04.20D15:02:22.943735715,HOR_NSM__oid1912446,FB.OQ,B,1,220.9,NSM_trader116,0,EQUITY_EXCHANGE,,FALSE,
new,2015.04.20D15:02:23.835275395,HOR_NSM__oid1912780,FB.OQ,S,1,220.94,NSM_trader117,1,EQUITY_EXCHANGE,,FALSE,
new,2015.04.20D15:02:24.490920804,HOR_NSM__oid1912827,FB.OQ,B,2,220.82,NSM_trader118,2,EQUITY_EXCHANGE,,FALSE,
filled,2015.04.20D15:02:24.835275395,HOR_NSM__oid1912780,FB.OQ,S,1,220.94,NSM_trader117,0,EQUITY_EXCHANGE,,FALSE,
new,2015.04.20D15:02:25.267953222,HOR_NSM__oid1912942,FB.OQ,B,2,220.82,NSM_trader119,2,EQUITY_EXCHANGE,,FALSE,
filled,2015.04.20D15:02:25.490920804,HOR_NSM__oid1912827,FB.OQ,B,2,220.82,NSM_trader118,0,EQUITY_EXCHANGE,,FALSE,
filled,2015.04.20D15:02:26.267953222,HOR_NSM__oid1912942,FB.OQ,B,2,220.82,NSM_trader119,0,EQUITY_EXCHANGE,,FALSE,
new,2015.04.20D15:02:26.810987122,HOR_NSM__oid1913062,FB.OQ,S,1,220.88,NSM_trader120,1,EQUITY_EXCHANGE,,FALSE,
replaced,2015.04.20D15:02:27.810987122,HOR_NSM__oid1913062,FB.OQ,S,6,220.88,NSM_trader120,6,EQUITY_EXCHANGE,,FALSE,
new,2015.04.20D15:02:27.982240692,HOR_NSM__oid1913301,FB.OQ,S,2,220.86,NSM_demoTrader,2,EQUITY_EXCHANGE,0D00:00:26.142860783,FALSE,
filled,2015.04.20D15:02:28.810987122,HOR_NSM__oid1913062,FB.OQ,S,6,220.88,NSM_trader120,0,EQUITY_EXCHANGE,,FALSE,
new,2015.04.20D15:02:28.847120041,HOR_NSM__oid1913450,FB.OQ,B,5,220.8,NSM_trader122,5,EQUITY_EXCHANGE,,FALSE,
filled,2015.04.20D15:02:28.982240692,HOR_NSM__oid1913301,FB.OQ,S,2,220.86,NSM_demoTrader,0,EQUITY_EXCHANGE,,FALSE,
new,2015.04.20D15:02:29.246385428,HOR_NSM__oid1913474,FB.OQ,B,1,220.82,NSM_trader123,1,EQUITY_EXCHANGE,,FALSE,
filled,2015.04.20D15:02:29.847120041,HOR_NSM__oid1913450,FB.OQ,B,5,220.8,NSM_trader122,0,EQUITY_EXCHANGE,,FALSE,
filled,2015.04.20D15:02:30.246385428,HOR_NSM__oid1913474,FB.OQ,B,1,220.82,NSM_trader123,0,EQUITY_EXCHANGE,,FALSE,
new,2015.04.20D15:02:30.987261755,HOR_NSM__oid1913795,FB.OQ,B,6,220.8,NSM_trader124,6,EQUITY_EXCHANGE,,FALSE,
filled,2015.04.20D15:02:31.987261755,HOR_NSM__oid1913795,FB.OQ,B,6,220.8,NSM_trader124,0,EQUITY_EXCHANGE,,FALSE,
new,2015.04.20D15:02:32.616423781,HOR_NSM__oid1914070,FB.OQ,S,5,220.88,NSM_trader125,5,EQUITY_EXCHANGE,,FALSE,
new,2015.04.20D15:02:32.778688818,HOR_NSM__oid1914097,FB.OQ,S,1,220.88,NSM_trader126,1,EQUITY_EXCHANGE,,FALSE,
filled,2015.04.20D15:02:33.616423781,HOR_NSM__oid1914070,FB.OQ,S,5,220.88,NSM_trader125,0,EQUITY_EXCHANGE,,FALSE,
filled,2015.04.20D15:02:33.778688818,HOR_NSM__oid1914097,FB.OQ,S,1,220.88,NSM_trader126,0,EQUITY_EXCHANGE,,FALSE,
new,2015.04.20D15:02:35.090844516,HOR_NSM__oid1914273,FB.OQ,B,6,220.8,NSM_trader127,6,EQUITY_EXCHANGE,,FALSE,
filled,2015.04.20D15:02:36.090844516,HOR_NSM__oid1914273,FB.OQ,B,6,220.8,NSM_trader127,0,EQUITY_EXCHANGE,,FALSE,
new,2015.04.20D15:02:36.370926979,HOR_NSM__oid1914377,FB.OQ,B,2,220.81,NSM_trader128,2,EQUITY_EXCHANGE,,FALSE,
filled,2015.04.20D15:02:37.370926979,HOR_NSM__oid1914377,FB.OQ,B,2,220.81,NSM_trader128,0,EQUITY_EXCHANGE,,FALSE,
new,2015.04.20D15:02:39.019124711,HOR_NSM__oid1914815,FB.OQ,B,1,220.86,NSM_trader129,1,EQUITY_EXCHANGE,,FALSE,
new,2015.04.20D15:02:39.119596653,HOR_NSM__oid1914852,FB.OQ,S,1,220.86,NSM_trader130,1,EQUITY_EXCHANGE,,FALSE,
filled,2015.04.20D15:02:40.019124711,HOR_NSM__oid1914815,FB.OQ,B,1,220.86,NSM_trader129,0,EQUITY_EXCHANGE,,FALSE,
filled,2015.04.20D15:02:40.119596653,HOR_NSM__oid1914852,FB.OQ,S,1,220.86,NSM_trader130,0,EQUITY_EXCHANGE,,FALSE,
new,2015.04.20D15:02:42.027011923,HOR_NSM__oid1915109,FB.OQ,B,1,220.86,NSM_trader131,1,EQUITY_EXCHANGE,,FALSE,
filled,2015.04.20D15:02:43.027011923,HOR_NSM__oid1915109,FB.OQ,B,1,220.86,NSM_trader131,0,EQUITY_EXCHANGE,,FALSE,
new,2015.04.20D15:02:45.018858488,HOR_NSM__oid1915449,FB.OQ,S,1,220.87,NSM_trader132,1,EQUITY_EXCHANGE,,FALSE,
new,2015.04.20D15:02:45.654110551,HOR_NSM__oid1915499,FB.OQ,B,1,220.88,NSM_trader133,1,EQUITY_EXCHANGE,,FALSE,
filled,2015.04.20D15:02:46.018858488,HOR_NSM__oid1915449,FB.OQ,S,1,220.87,NSM_trader132,0,EQUITY_EXCHANGE,,FALSE,
filled,2015.04.20D15:02:46.654110551,HOR_NSM__oid1915499,FB.OQ,B,1,220.88,NSM_trader133,0,EQUITY_EXCHANGE,,FALSE,
new,2015.04.20D15:02:47.019344437,HOR_NSM__oid1915728,FB.OQ,B,2,220.88,NSM_trader134,2,EQUITY_EXCHANGE,,FALSE,
new,2015.04.20D15:02:47.226234069,HOR_NSM__oid1915783,FB.OQ,S,6,220.92,NSM_trader135,6,EQUITY_EXCHANGE,,FALSE,
new,2015.04.20D15:02:47.534361541,HOR_NSM__oid1915811,FB.OQ,S,6,220.92,NSM_trader136,6,EQUITY_EXCHANGE,,FALSE,
filled,2015.04.20D15:02:48.019344437,HOR_NSM__oid1915728,FB.OQ,B,2,220.88,NSM_trader134,0,EQUITY_EXCHANGE,,FALSE,
replaced,2015.04.20D15:02:48.226234069,HOR_NSM__oid1915783,FB.OQ,S,11,220.92,NSM_trader135,11,EQUITY_EXCHANGE,,FALSE,
new,2015.04.20D15:02:48.378919736,HOR_NSM__oid1915943,FB.OQ,B,1,220.89,NSM_trader137,1,EQUITY_EXCHANGE,,FALSE,
filled,2015.04.20D15:02:48.534361541,HOR_NSM__oid1915811,FB.OQ,S,6,220.92,NSM_trader136,0,EQUITY_EXCHANGE,,FALSE,
new,2015.04.20D15:02:48.842722319,HOR_NSM__oid1916027,FB.OQ,B,1,220.84,NSM_trader138,1,EQUITY_EXCHANGE,,FALSE,
filled,2015.04.20D15:02:49.226234069,HOR_NSM__oid1915783,FB.OQ,S,11,220.92,NSM_trader135,0,EQUITY_EXCHANGE,,FALSE,
filled,2015.04.20D15:02:49.378919736,HOR_NSM__oid1915943,FB.OQ,B,1,220.89,NSM_trader137,0,EQUITY_EXCHANGE,,FALSE,
filled,2015.04.20D15:02:49.842722319,HOR_NSM__oid1916027,FB.OQ,B,1,220.84,NSM_trader138,0,EQUITY_EXCHANGE,,FALSE,
new,2015.04.20D15:02:50.886460956,HOR_NSM__oid1916265,FB.OQ,B,3,220.86,NSM_trader139,3,EQUITY_EXCHANGE,,FALSE,
new,2015.04.20D15:02:51.847662294,HOR_NSM__oid1916532,FB.OQ,S,5,220.91,NSM_trader140,5,EQUITY_EXCHANGE,,FALSE,
filled,2015.04.20D15:02:51.886460956,HOR_NSM__oid1916265,FB.OQ,B,3,220.86,NSM_trader139,0,EQUITY_EXCHANGE,,FALSE,
partiallyFilled,2015.04.20D15:02:52.847662294,HOR_NSM__oid1916532,FB.OQ,S,5,220.91,NSM_trader140,5,EQUITY_EXCHANGE,,FALSE,
filled,2015.04.20D15:02:53.847662294,HOR_NSM__oid1916532,FB.OQ,S,5,220.91,NSM_trader140,0,EQUITY_EXCHANGE,,FALSE,
new,2015.04.20D15:02:54.118753822,HOR_NSM__oid1916889,FB.OQ,B,3,220.9,NSM_trader141,3,EQUITY_EXCHANGE,,FALSE,
filled,2015.04.20D15:02:55.118753822,HOR_NSM__oid1916889,FB.OQ,B,3,220.9,NSM_trader141,0,EQUITY_EXCHANGE,,FALSE,
new,2015.04.20D15:02:55.226820803,HOR_NSM__oid1916989,FB.OQ,B,1,220.87,NSM_trader142,1,EQUITY_EXCHANGE,,FALSE,
filled,2015.04.20D15:02:56.226820803,HOR_NSM__oid1916989,FB.OQ,B,1,220.87,NSM_trader142,0,EQUITY_EXCHANGE,,FALSE,
new,2015.04.20D15:02:57.022961339,HOR_NSM__oid1917306,FB.OQ,S,2,220.92,NSM_trader143,2,EQUITY_EXCHANGE,,FALSE,
filled,2015.04.20D15:02:58.022961339,HOR_NSM__oid1917306,FB.OQ,S,2,220.92,NSM_trader143,0,EQUITY_EXCHANGE,,FALSE,
new,2015.04.20D15:02:58.783052834,HOR_NSM__oid1917625,FB.OQ,B,3,220.9,NSM_trader144,3,EQUITY_EXCHANGE,,FALSE,
filled,2015.04.20D15:02:59.783052834,HOR_NSM__oid1917625,FB.OQ,B,3,220.9,NSM_trader144,0,EQUITY_EXCHANGE,,FALSE,
new,2015.04.20D15:03:00.015134190,HOR_NSM__oid1917835,FB.OQ,B,4,220.9,NSM_trader145,4,EQUITY_EXCHANGE,,FALSE,
new,2015.04.20D15:03:00.787314612,HOR_NSM__oid1917986,FB.OQ,B,1,220.88,NSM_trader146,1,EQUITY_EXCHANGE,,FALSE,
filled,2015.04.20D15:03:01.015134190,HOR_NSM__oid1917835,FB.OQ,B,4,220.9,NSM_trader145,0,EQUITY_EXCHANGE,,FALSE,
new,2015.04.20D15:03:01.665955085,HOR_NSM__oid1918160,FB.OQ,S,6,220.92,NSM_trader147,6,EQUITY_EXCHANGE,,FALSE,
filled,2015.04.20D15:03:01.787314612,HOR_NSM__oid1917986,FB.OQ,B,1,220.88,NSM_trader146,0,EQUITY_EXCHANGE,,FALSE,
filled,2015.04.20D15:03:02.665955085,HOR_NSM__oid1918160,FB.OQ,S,6,220.92,NSM_trader147,0,EQUITY_EXCHANGE,,FALSE,
new,2015.04.20D15:03:02.858372145,HOR_NSM__oid1918373,FB.OQ,S,7,220.92,NSM_trader148,7,EQUITY_EXCHANGE,,FALSE,
new,2015.04.20D15:03:03.154376056,HOR_NSM__oid1918426,FB.OQ,S,4,220.92,NSM_trader149,4,EQUITY_EXCHANGE,,FALSE,
filled,2015.04.20D15:03:03.858372145,HOR_NSM__oid1918373,FB.OQ,S,7,220.92,NSM_trader148,0,EQUITY_EXCHANGE,,FALSE,
filled,2015.04.20D15:03:04.154376056,HOR_NSM__oid1918426,FB.OQ,S,4,220.92,NSM_trader149,0,EQUITY_EXCHANGE,,FALSE,
new,2015.04.20D15:03:04.258462833,HOR_NSM__oid1918544,FB.OQ,B,3,220.86,NSM_trader150,3,EQUITY_EXCHANGE,,FALSE,
replaced,2015.04.20D15:03:05.258462833,HOR_NSM__oid1918544,FB.OQ,B,8,220.86,NSM_trader150,8,EQUITY_EXCHANGE,,FALSE,
new,2015.04.20D15:03:05.962461831,HOR_NSM__oid1919033,FB.OQ,S,2,220.9,NSM_trader151,2,EQUITY_EXCHANGE,,FALSE,
replaced,2015.04.20D15:03:06.258462833,HOR_NSM__oid1918544,FB.OQ,B,13,220.86,NSM_trader150,13,EQUITY_EXCHANGE,,FALSE,
new,2015.04.20D15:03:06.790403712,HOR_NSM__oid1919119,FB.OQ,B,2,220.85,NSM_trader152,2,EQUITY_EXCHANGE,,FALSE,
filled,2015.04.20D15:03:06.962461831,HOR_NSM__oid1919033,FB.OQ,S,2,220.9,NSM_trader151,0,EQUITY_EXCHANGE,,FALSE,
filled,2015.04.20D15:03:07.258462833,HOR_NSM__oid1918544,FB.OQ,B,13,220.86,NSM_trader150,0,EQUITY_EXCHANGE,,FALSE,
filled,2015.04.20D15:03:07.790403712,HOR_NSM__oid1919119,FB.OQ,B,2,220.85,NSM_trader152,0,EQUITY_EXCHANGE,,FALSE,
new,2015.04.20D15:03:08.616705559,HOR_NSM__oid1919507,FB.OQ,B,1,220.8,NSM_trader153,1,EQUITY_EXCHANGE,,FALSE,
filled,2015.04.20D15:03:09.616705559,HOR_NSM__oid1919507,FB.OQ,B,1,220.8,NSM_trader153,0,EQUITY_EXCHANGE,,FALSE,
new,2015.04.20D15:03:11.970965889,HOR_NSM__oid1919952,FB.OQ,S,3,220.87,NSM_trader154,3,EQUITY_EXCHANGE,,FALSE,
filled,2015.04.20D15:03:12.970965889,HOR_NSM__oid1919952,FB.OQ,S,3,220.87,NSM_trader154,0,EQUITY_EXCHANGE,,FALSE,
new,2015.04.20D15:03:13.018737012,HOR_NSM__oid1920072,FB.OQ,B,1,220.78,NSM_trader155,1,EQUITY_EXCHANGE,,FALSE,
filled,2015.04.20D15:03:14.018737012,HOR_NSM__oid1920072,FB.OQ,B,1,220.78,NSM_trader155,0,EQUITY_EXCHANGE,,FALSE,
new,2015.04.20D15:03:15.255160492,HOR_NSM__oid1920294,FB.OQ,S,3,220.87,NSM_trader156,3,EQUITY_EXCHANGE,,FALSE,
new,2015.04.20D15:03:16.015204122,HOR_NSM__oid1920456,FB.OQ,S,1,220.91,NSM_trader157,1,EQUITY_EXCHANGE,,FALSE,
new,2015.04.20D15:03:16.131052056,HOR_NSM__oid1920486,FB.OQ,S,9,220.95,NSM_trader158,9,EQUITY_EXCHANGE,,FALSE,
filled,2015.04.20D15:03:16.255160492,HOR_NSM__oid1920294,FB.OQ,S,3,220.87,NSM_trader156,0,EQUITY_EXCHANGE,,FALSE,
filled,2015.04.20D15:03:17.015204122,HOR_NSM__oid1920456,FB.OQ,S,1,220.91,NSM_trader157,0,EQUITY_EXCHANGE,,FALSE,
filled,2015.04.20D15:03:17.131052056,HOR_NSM__oid1920486,FB.OQ,S,9,220.95,NSM_trader158,0,EQUITY_EXCHANGE,,FALSE,
new,2015.04.20D15:03:17.623075962,HOR_NSM__oid1920659,FB.OQ,B,6,220.9,NSM_trader159,6,EQUITY_EXCHANGE,,FALSE,
new,2015.04.20D15:03:18.263365731,HOR_NSM__oid1920762,FB.OQ,B,6,220.9,NSM_trader160,6,EQUITY_EXCHANGE,,FALSE,
filled,2015.04.20D15:03:18.623075962,HOR_NSM__oid1920659,FB.OQ,B,6,220.9,NSM_trader159,0,EQUITY_EXCHANGE,,FALSE,
partiallyFilled,2015.04.20D15:03:19.263365731,HOR_NSM__oid1920762,FB.OQ,B,6,220.9,NSM_trader160,6,EQUITY_EXCHANGE,,FALSE,
new,2015.04.20D15:03:19.390035576,HOR_NSM__oid1921064,FB.OQ,S,2,220.94,NSM_trader161,2,EQUITY_EXCHANGE,,FALSE,
filled,2015.04.20D15:03:20.263365731,HOR_NSM__oid1920762,FB.OQ,B,6,220.9,NSM_trader160,0,EQUITY_EXCHANGE,,FALSE,
filled,2015.04.20D15:03:20.390035576,HOR_NSM__oid1921064,FB.OQ,S,2,220.94,NSM_trader161,0,EQUITY_EXCHANGE,,FALSE,
new,2015.04.20D15:03:21.114250023,HOR_NSM__oid1921448,FB.OQ,B,6,220.9,NSM_trader162,6,EQUITY_EXCHANGE,,FALSE,
filled,2015.04.20D15:03:22.114250023,HOR_NSM__oid1921448,FB.OQ,B,6,220.9,NSM_trader162,0,EQUITY_EXCHANGE,,FALSE,
new,2015.04.20D15:03:25.014424592,HOR_NSM__oid1922138,FB.OQ,B,3,220.89,NSM_trader163,3,EQUITY_EXCHANGE,,FALSE,
new,2015.04.20D15:03:25.714800795,HOR_NSM__oid1922278,FB.OQ,B,3,220.89,NSM_trader164,3,EQUITY_EXCHANGE,,FALSE,
filled,2015.04.20D15:03:26.014424592,HOR_NSM__oid1922138,FB.OQ,B,3,220.89,NSM_trader163,0,EQUITY_EXCHANGE,,FALSE,
new,2015.04.20D15:03:26.246833166,HOR_NSM__oid1922328,FB.OQ,S,2,220.94,NSM_trader165,2,EQUITY_EXCHANGE,,FALSE,
filled,2015.04.20D15:03:26.714800795,HOR_NSM__oid1922278,FB.OQ,B,3,220.89,NSM_trader164,0,EQUITY_EXCHANGE,,FALSE,
replaced,2015.04.20D15:03:27.246833166,HOR_NSM__oid1922328,FB.OQ,S,7,220.94,NSM_trader165,7,EQUITY_EXCHANGE,,FALSE,
filled,2015.04.20D15:03:28.246833166,HOR_NSM__oid1922328,FB.OQ,S,7,220.94,NSM_trader165,0,EQUITY_EXCHANGE,,FALSE,
new,2015.04.20D15:03:29.322600263,HOR_NSM__oid1922732,FB.OQ,B,1,220.9,NSM_trader166,1,EQUITY_EXCHANGE,,FALSE,
filled,2015.04.20D15:03:30.322600263,HOR_NSM__oid1922732,FB.OQ,B,1,220.9,NSM_trader166,0,EQUITY_EXCHANGE,,FALSE,
new,2015.04.20D15:03:31.951200107,HOR_NSM__oid1923217,FB.OQ,B,2,220.91,NSM_trader167,2,EQUITY_EXCHANGE,,FALSE,
filled,2015.04.20D15:03:32.951200107,HOR_NSM__oid1923217,FB.OQ,B,2,220.91,NSM_trader167,0,EQUITY_EXCHANGE,,FALSE,
new,2015.04.20D15:03:34.230827290,HOR_NSM__oid1923383,FB.OQ,B,1,220.9,NSM_trader168,1,EQUITY_EXCHANGE,,FALSE,
new,2015.04.20D15:03:34.907391667,HOR_NSM__oid1923442,FB.OQ,S,9,220.95,NSM_trader169,9,EQUITY_EXCHANGE,,FALSE,
filled,2015.04.20D15:03:35.230827290,HOR_NSM__oid1923383,FB.OQ,B,1,220.9,NSM_trader168,0,EQUITY_EXCHANGE,,FALSE,
filled,2015.04.20D15:03:35.907391667,HOR_NSM__oid1923442,FB.OQ,S,9,220.95,NSM_trader169,0,EQUITY_EXCHANGE,,FALSE,
new,2015.04.20D15:03:40.014779202,HOR_NSM__oid1924080,FB.OQ,S,2,220.92,NSM_trader170,2,EQUITY_EXCHANGE,,FALSE,
filled,2015.04.20D15:03:41.014779202,HOR_NSM__oid1924080,FB.OQ,S,2,220.92,NSM_trader170,0,EQUITY_EXCHANGE,,FALSE,
new,2015.04.20D15:03:41.070831285,HOR_NSM__oid1924208,FB.OQ,B,1,220.86,NSM_trader171,1,EQUITY_EXCHANGE,,FALSE,
filled,2015.04.20D15:03:42.070831285,HOR_NSM__oid1924208,FB.OQ,B,1,220.86,NSM_trader171,0,EQUITY_EXCHANGE,,FALSE,
new,2015.04.20D15:03:42.330930425,HOR_NSM__oid1924543,FB.OQ,B,1,220.88,NSM_trader172,1,EQUITY_EXCHANGE,,FALSE,
new,2015.04.20D15:03:43.258974508,HOR_NSM__oid1924814,FB.OQ,S,6,220.92,NSM_trader173,6,EQUITY_EXCHANGE,,FALSE,
filled,2015.04.20D15:03:43.330930425,HOR_NSM__oid1924543,FB.OQ,B,1,220.88,NSM_trader172,0,EQUITY_EXCHANGE,,FALSE,
filled,2015.04.20D15:03:44.258974508,HOR_NSM__oid1924814,FB.OQ,S,6,220.92,NSM_trader173,0,EQUITY_EXCHANGE,,FALSE,
new,2015.04.20D15:03:46.838758554,HOR_NSM__oid1925324,FB.OQ,B,1,220.89,NSM_trader174,1,EQUITY_EXCHANGE,,FALSE,
filled,2015.04.20D15:03:47.838758554,HOR_NSM__oid1925324,FB.OQ,B,1,220.89,NSM_trader174,0,EQUITY_EXCHANGE,,FALSE,
new,2015.04.20D15:03:48.210497054,HOR_NSM__oid1925569,FB.OQ,B,1,220.85,NSM_trader175,1,EQUITY_EXCHANGE,,FALSE,
filled,2015.04.20D15:03:49.210497054,HOR_NSM__oid1925569,FB.OQ,B,1,220.85,NSM_trader175,0,EQUITY_EXCHANGE,,FALSE,
new,2015.04.20D15:03:51.315501817,HOR_NSM__oid1925756,FB.OQ,B,1,220.85,NSM_trader176,1,EQUITY_EXCHANGE,,FALSE,
filled,2015.04.20D15:03:52.315501817,HOR_NSM__oid1925756,FB.OQ,B,1,220.85,NSM_trader176,0,EQUITY_EXCHANGE,,FALSE,
new,2015.04.20D15:03:52.323194882,HOR_NSM__oid1925863,FB.OQ,S,2,220.87,NSM_trader177,2,EQUITY_EXCHANGE,,FALSE,
filled,2015.04.20D15:03:53.323194882,HOR_NSM__oid1925863,FB.OQ,S,2,220.87,NSM_trader177,0,EQUITY_EXCHANGE,,FALSE,
new,2015.04.20D15:03:55.018685669,HOR_NSM__oid1926374,FB.OQ,S,2,220.87,NSM_trader178,2,EQUITY_EXCHANGE,,FALSE,
new,2015.04.20D15:03:55.634042242,HOR_NSM__oid1926465,FB.OQ,B,4,220.81,NSM_trader179,4,EQUITY_EXCHANGE,,FALSE,
new,2015.04.20D15:03:55.822746965,HOR_NSM__oid1926483,FB.OQ,B,1,220.81,NSM_trader180,1,EQUITY_EXCHANGE,,FALSE,
filled,2015.04.20D15:03:56.018685669,HOR_NSM__oid1926374,FB.OQ,S,2,220.87,NSM_trader178,0,EQUITY_EXCHANGE,,FALSE,
filled,2015.04.20D15:03:56.634042242,HOR_NSM__oid1926465,FB.OQ,B,4,220.81,NSM_trader179,0,EQUITY_EXCHANGE,,FALSE,
replaced,2015.04.20D15:03:56.822746965,HOR_NSM__oid1926483,FB.OQ,B,6,220.81,NSM_trader180,6,EQUITY_EXCHANGE,,FALSE,
filled,2015.04.20D15:03:57.822746965,HOR_NSM__oid1926483,FB.OQ,B,6,220.81,NSM_trader180,0,EQUITY_EXCHANGE,,FALSE,
new,2015.04.20D15:04:00.394401202,HOR_NSM__oid1926978,FB.OQ,B,1,220.84,NSM_trader181,1,EQUITY_EXCHANGE,,FALSE,
new,2015.04.20D15:04:01.019074888,HOR_NSM__oid1927094,FB.OQ,B,1,220.86,NSM_trader182,1,EQUITY_EXCHANGE,,FALSE,
filled,2015.04.20D15:04:01.394401202,HOR_NSM__oid1926978,FB.OQ,B,1,220.84,NSM_trader181,0,EQUITY_EXCHANGE,,FALSE,
filled,2015.04.20D15:04:02.019074888,HOR_NSM__oid1927094,FB.OQ,B,1,220.86,NSM_trader182,0,EQUITY_EXCHANGE,,FALSE,
new,2015.04.20D15:04:02.771186820,HOR_NSM__oid1927418,FB.OQ,S,13,220.87,NSM_trader183,13,EQUITY_EXCHANGE,,FALSE,
filled,2015.04.20D15:04:03.771186820,HOR_NSM__oid1927418,FB.OQ,S,13,220.87,NSM_trader183,0,EQUITY_EXCHANGE,,FALSE,
new,2015.04.20D15:04:05.527369799,HOR_NSM__oid1927782,FB.OQ,B,1,220.84,NSM_trader184,1,EQUITY_EXCHANGE,,FALSE,
filled,2015.04.20D15:04:06.527369799,HOR_NSM__oid1927782,FB.OQ,B,1,220.84,NSM_trader184,0,EQUITY_EXCHANGE,,FALSE,
new,2015.04.20D15:04:10.783700299,HOR_NSM__oid1928795,FB.OQ,B,1,220.8,NSM_trader185,1,EQUITY_EXCHANGE,,FALSE,
filled,2015.04.20D15:04:11.783700299,HOR_NSM__oid1928795,FB.OQ,B,1,220.8,NSM_trader185,0,EQUITY_EXCHANGE,,FALSE,
new,2015.04.20D15:04:11.845762160,HOR_NSM__oid1928920,FB.OQ,B,1,220.8,NSM_trader186,1,EQUITY_EXCHANGE,,FALSE,
filled,2015.04.20D15:04:12.845762160,HOR_NSM__oid1928920,FB.OQ,B,1,220.8,NSM_trader186,0,EQUITY_EXCHANGE,,FALSE,
new,2015.04.20D15:04:13.538097345,HOR_NSM__oid1929226,FB.OQ,B,1,220.79,NSM_trader187,1,EQUITY_EXCHANGE,,FALSE,
filled,2015.04.20D15:04:14.538097345,HOR_NSM__oid1929226,FB.OQ,B,1,220.79,NSM_trader187,0,EQUITY_EXCHANGE,,FALSE,
new,2015.04.20D15:04:16.367115329,HOR_NSM__oid1929786,FB.OQ,S,12,220.85,NSM_trader188,12,EQUITY_EXCHANGE,,FALSE,
filled,2015.04.20D15:04:17.367115329,HOR_NSM__oid1929786,FB.OQ,S,12,220.85,NSM_trader188,0,EQUITY_EXCHANGE,,FALSE,
new,2015.04.20D15:04:19.626498080,HOR_NSM__oid1930055,FB.OQ,B,1,220.78,NSM_trader189,1,EQUITY_EXCHANGE,,FALSE,
new,2015.04.20D15:04:20.046293340,HOR_NSM__oid1930261,FB.OQ,B,1,220.79,NSM_trader190,1,EQUITY_EXCHANGE,,FALSE,
filled,2015.04.20D15:04:20.626498080,HOR_NSM__oid1930055,FB.OQ,B,1,220.78,NSM_trader189,0,EQUITY_EXCHANGE,,FALSE,
filled,2015.04.20D15:04:21.046293340,HOR_NSM__oid1930261,FB.OQ,B,1,220.79,NSM_trader190,0,EQUITY_EXCHANGE,,FALSE,
new,2015.04.20D15:04:22.310371347,HOR_NSM__oid1930679,FB.OQ,S,18,220.84,NSM_trader191,18,EQUITY_EXCHANGE,,FALSE,
new,2015.04.20D15:04:22.857512226,HOR_NSM__oid1930844,FB.OQ,S,1,220.83,NSM_trader192,1,EQUITY_EXCHANGE,,FALSE,
filled,2015.04.20D15:04:23.310371347,HOR_NSM__oid1930679,FB.OQ,S,18,220.84,NSM_trader191,0,EQUITY_EXCHANGE,,FALSE,
filled,2015.04.20D15:04:23.857512226,HOR_NSM__oid1930844,FB.OQ,S,1,220.83,NSM_trader192,0,EQUITY_EXCHANGE,,FALSE,
new,2015.04.20D15:04:26.106482981,HOR_NSM__oid1931332,FB.OQ,B,1,220.81,NSM_trader193,1,EQUITY_EXCHANGE,,FALSE,
filled,2015.04.20D15:04:27.106482981,HOR_NSM__oid1931332,FB.OQ,B,1,220.81,NSM_trader193,0,EQUITY_EXCHANGE,,FALSE,
new,2015.04.20D15:04:27.422720839,HOR_NSM__oid1931681,FB.OQ,S,4,220.82,NSM_trader194,4,EQUITY_EXCHANGE,,FALSE,
filled,2015.04.20D15:04:28.422720839,HOR_NSM__oid1931681,FB.OQ,S,4,220.82,NSM_trader194,0,EQUITY_EXCHANGE,,FALSE,
new,2015.04.20D15:04:32.017959583,HOR_NSM__oid1932074,FB.OQ,S,2,220.82,NSM_trader195,2,EQUITY_EXCHANGE,,FALSE,
replaced,2015.04.20D15:04:33.017959583,HOR_NSM__oid1932074,FB.OQ,S,7,220.82,NSM_trader195,7,EQUITY_EXCHANGE,,FALSE,
filled,2015.04.20D15:04:34.017959583,HOR_NSM__oid1932074,FB.OQ,S,7,220.82,NSM_trader195,0,EQUITY_EXCHANGE,,FALSE,
new,2015.04.20D15:04:35.018287121,HOR_NSM__oid1932330,FB.OQ,B,1,220.78,NSM_trader196,1,EQUITY_EXCHANGE,,FALSE,
filled,2015.04.20D15:04:36.018287121,HOR_NSM__oid1932330,FB.OQ,B,1,220.78,NSM_trader196,0,EQUITY_EXCHANGE,,FALSE,
new,2015.04.20D15:04:36.042391572,HOR_NSM__oid1932479,FB.OQ,B,2,220.79,NSM_trader197,2,EQUITY_EXCHANGE,,FALSE,
filled,2015.04.20D15:04:37.042391572,HOR_NSM__oid1932479,FB.OQ,B,2,220.79,NSM_trader197,0,EQUITY_EXCHANGE,,FALSE,
new,2015.04.20D15:04:41.014359122,HOR_NSM__oid1933037,FB.OQ,S,2,220.82,NSM_trader198,2,EQUITY_EXCHANGE,,FALSE,
filled,2015.04.20D15:04:42.014359122,HOR_NSM__oid1933037,FB.OQ,S,2,220.82,NSM_trader198,0,EQUITY_EXCHANGE,,FALSE,
new,2015.04.20D15:04:42.162413024,HOR_NSM__oid1933173,FB.OQ,S,1,220.82,NSM_trader199,1,EQUITY_EXCHANGE,,FALSE,
new,2015.04.20D15:04:42.986840536,HOR_NSM__oid1933332,FB.OQ,S,1,220.78,NSM_trader200,1,EQUITY_EXCHANGE,,FALSE,
filled,2015.04.20D15:04:43.162413024,HOR_NSM__oid1933173,FB.OQ,S,1,220.82,NSM_trader199,0,EQUITY_EXCHANGE,,FALSE,
filled,2015.04.20D15:04:43.986840536,HOR_NSM__oid1933332,FB.OQ,S,1,220.78,NSM_trader200,0,EQUITY_EXCHANGE,,FALSE,
new,2015.04.20D15:04:46.258010171,HOR_NSM__oid1933649,FB.OQ,S,1,220.78,NSM_trader201,1,EQUITY_EXCHANGE,,FALSE,
new,2015.04.20D15:04:46.689728535,HOR_NSM__oid1933728,FB.OQ,S,4,220.79,NSM_trader202,4,EQUITY_EXCHANGE,,FALSE,
filled,2015.04.20D15:04:47.258010171,HOR_NSM__oid1933649,FB.OQ,S,1,220.78,NSM_trader201,0,EQUITY_EXCHANGE,,FALSE,
filled,2015.04.20D15:04:47.689728535,HOR_NSM__oid1933728,FB.OQ,S,4,220.79,NSM_trader202,0,EQUITY_EXCHANGE,,FALSE,
new,2015.04.20D15:04:48.638147748,HOR_NSM__oid1933903,FB.OQ,B,2,220.78,NSM_demoTrader,2,EQUITY_EXCHANGE,0D00:02:20.655907056,FALSE,
new,2015.04.20D15:04:48.646157020,HOR_NSM__oid1933918,FB.OQ,S,13,220.84,NSM_trader204,13,EQUITY_EXCHANGE,,FALSE,
new,2015.04.20D15:04:49.062179584,HOR_NSM__oid1933946,FB.OQ,S,10,220.84,NSM_trader205,10,EQUITY_EXCHANGE,,FALSE,
filled,2015.04.20D15:04:49.638147748,HOR_NSM__oid1933903,FB.OQ,B,2,220.78,NSM_demoTrader,0,EQUITY_EXCHANGE,,FALSE,
filled,2015.04.20D15:04:49.646157020,HOR_NSM__oid1933918,FB.OQ,S,13,220.84,NSM_trader204,0,EQUITY_EXCHANGE,,FALSE,
filled,2015.04.20D15:04:50.062179584,HOR_NSM__oid1933946,FB.OQ,S,10,220.84,NSM_trader205,0,EQUITY_EXCHANGE,,FALSE,
new,2015.04.20D15:04:51.550357312,HOR_NSM__oid1934255,FB.OQ,B,1,220.82,NSM_trader206,1,EQUITY_EXCHANGE,,FALSE,
new,2015.04.20D15:04:51.862361823,HOR_NSM__oid1934349,FB.OQ,B,1,220.77,NSM_trader207,1,EQUITY_EXCHANGE,,FALSE,
filled,2015.04.20D15:04:52.550357312,HOR_NSM__oid1934255,FB.OQ,B,1,220.82,NSM_trader206,0,EQUITY_EXCHANGE,,FALSE,
filled,2015.04.20D15:04:52.862361823,HOR_NSM__oid1934349,FB.OQ,B,1,220.77,NSM_trader207,0,EQUITY_EXCHANGE,,FALSE,
new,2015.04.20D15:04:58.182765882,HOR_NSM__oid1935128,FB.OQ,B,1,220.82,NSM_trader208,1,EQUITY_EXCHANGE,,FALSE,
filled,2015.04.20D15:04:59.182765882,HOR_NSM__oid1935128,FB.OQ,B,1,220.82,NSM_trader208,0,EQUITY_EXCHANGE,,FALSE,
new,2015.04.20D15:05:00.414784461,HOR_NSM__oid1935352,FB.OQ,B,3,220.83,NSM_trader209,3,EQUITY_EXCHANGE,,FALSE,
new,2015.04.20D15:05:00.498922570,HOR_NSM__oid1935372,FB.OQ,B,1,220.84,NSM_trader210,1,EQUITY_EXCHANGE,,FALSE,
filled,2015.04.20D15:05:01.414784461,HOR_NSM__oid1935352,FB.OQ,B,3,220.83,NSM_trader209,0,EQUITY_EXCHANGE,,FALSE,
replaced,2015.04.20D15:05:01.498922570,HOR_NSM__oid1935372,FB.OQ,B,6,220.84,NSM_trader210,6,EQUITY_EXCHANGE,,FALSE,
new,2015.04.20D15:05:01.702601813,HOR_NSM__oid1935521,FB.OQ,S,8,220.9,NSM_trader211,8,EQUITY_EXCHANGE,,FALSE,
partiallyFilled,2015.04.20D15:05:02.498922570,HOR_NSM__oid1935372,FB.OQ,B,6,220.84,NSM_trader210,6,EQUITY_EXCHANGE,,FALSE,
filled,2015.04.20D15:05:02.702601813,HOR_NSM__oid1935521,FB.OQ,S,8,220.9,NSM_trader211,0,EQUITY_EXCHANGE,,FALSE,
filled,2015.04.20D15:05:03.498922570,HOR_NSM__oid1935372,FB.OQ,B,6,220.84,NSM_trader210,0,EQUITY_EXCHANGE,,FALSE,
new,2015.04.20D15:05:03.598160505,HOR_NSM__oid1935785,FB.OQ,B,1,220.86,NSM_trader212,1,EQUITY_EXCHANGE,,FALSE,
filled,2015.04.20D15:05:04.598160505,HOR_NSM__oid1935785,FB.OQ,B,1,220.86,NSM_trader212,0,EQUITY_EXCHANGE,,FALSE,
new,2015.04.20D15:05:05.485785282,HOR_NSM__oid1935978,FB.OQ,B,1,220.85,NSM_trader213,1,EQUITY_EXCHANGE,,FALSE,
new,2015.04.20D15:05:06.298353858,HOR_NSM__oid1936173,FB.OQ,S,1,220.87,NSM_trader214,1,EQUITY_EXCHANGE,,FALSE,
filled,2015.04.20D15:05:06.485785282,HOR_NSM__oid1935978,FB.OQ,B,1,220.85,NSM_trader213,0,EQUITY_EXCHANGE,,FALSE,
filled,2015.04.20D15:05:07.298353858,HOR_NSM__oid1936173,FB.OQ,S,1,220.87,NSM_trader214,0,EQUITY_EXCHANGE,,FALSE,
new,2015.04.20D15:05:07.419017481,HOR_NSM__oid1936382,FB.OQ,S,4,220.86,NSM_trader215,4,EQUITY_EXCHANGE,,FALSE,
new,2015.04.20D15:05:07.466414994,HOR_NSM__oid1936427,FB.OQ,B,1,220.78,NSM_trader216,1,EQUITY_EXCHANGE,,FALSE,
new,2015.04.20D15:05:07.642435259,HOR_NSM__oid1936517,FB.OQ,B,1,220.79,NSM_trader217,1,EQUITY_EXCHANGE,,FALSE,
new,2015.04.20D15:05:08.258044936,HOR_NSM__oid1936631,FB.OQ,S,3,220.86,NSM_trader218,3,EQUITY_EXCHANGE,,FALSE,
filled,2015.04.20D15:05:08.419017481,HOR_NSM__oid1936382,FB.OQ,S,4,220.86,NSM_trader215,0,EQUITY_EXCHANGE,,FALSE,
filled,2015.04.20D15:05:08.466414994,HOR_NSM__oid1936427,FB.OQ,B,1,220.78,NSM_trader216,0,EQUITY_EXCHANGE,,FALSE,
filled,2015.04.20D15:05:08.642435259,HOR_NSM__oid1936517,FB.OQ,B,1,220.79,NSM_trader217,0,EQUITY_EXCHANGE,,FALSE,
filled,2015.04.20D15:05:09.258044936,HOR_NSM__oid1936631,FB.OQ,S,3,220.86,NSM_trader218,0,EQUITY_EXCHANGE,,FALSE,
new,2015.04.20D15:05:09.918581833,HOR_NSM__oid1936988,FB.OQ,S,3,220.86,NSM_trader219,3,EQUITY_EXCHANGE,,FALSE,
filled,2015.04.20D15:05:10.918581833,HOR_NSM__oid1936988,FB.OQ,S,3,220.86,NSM_trader219,0,EQUITY_EXCHANGE,,FALSE,
new,2015.04.20D15:05:14.098874127,HOR_NSM__oid1937516,FB.OQ,B,1,220.79,NSM_trader220,1,EQUITY_EXCHANGE,,FALSE,
new,2015.04.20D15:05:14.682180898,HOR_NSM__oid1937580,FB.OQ,B,2,220.77,NSM_trader221,2,EQUITY_EXCHANGE,,FALSE,
filled,2015.04.20D15:05:15.098874127,HOR_NSM__oid1937516,FB.OQ,B,1,220.79,NSM_trader220,0,EQUITY_EXCHANGE,,FALSE,
filled,2015.04.20D15:05:15.682180898,HOR_NSM__oid1937580,FB.OQ,B,2,220.77,NSM_trader221,0,EQUITY_EXCHANGE,,FALSE,
new,2015.04.20D15:05:16.486997379,HOR_NSM__oid1938023,FB.OQ,B,1,220.77,NSM_trader222,1,EQUITY_EXCHANGE,,FALSE,
new,2015.04.20D15:05:17.054211053,HOR_NSM__oid1938105,FB.OQ,S,4,220.79,NSM_demoTrader,4,EQUITY_EXCHANGE,0D00:00:28.416063305,FALSE,
filled,2015.04.20D15:05:17.486997379,HOR_NSM__oid1938023,FB.OQ,B,1,220.77,NSM_trader222,0,EQUITY_EXCHANGE,,FALSE,
filled,2015.04.20D15:05:18.054211053,HOR_NSM__oid1938105,FB.OQ,S,4,220.79,NSM_demoTrader,0,EQUITY_EXCHANGE,,FALSE,
new,2015.04.20D15:05:18.636101636,HOR_NSM__oid1938315,FB.OQ,B,1,220.79,NSM_trader224,1,EQUITY_EXCHANGE,,FALSE,
new,2015.04.20D15:05:19.226705894,HOR_NSM__oid1938539,FB.OQ,B,1,220.77,NSM_trader225,1,EQUITY_EXCHANGE,,FALSE,
new,2015.04.20D15:05:19.463205642,HOR_NSM__oid1938598,FB.OQ,B,1,220.81,NSM_trader226,1,EQUITY_EXCHANGE,,FALSE,
new,2015.04.20D15:05:19.599252097,HOR_NSM__oid1938620,FB.OQ,B,1,220.78,NSM_trader227,1,EQUITY_EXCHANGE,,FALSE,
filled,2015.04.20D15:05:19.636101636,HOR_NSM__oid1938315,FB.OQ,B,1,220.79,NSM_trader224,0,EQUITY_EXCHANGE,,FALSE,
new,2015.04.20D15:05:20.099237193,HOR_NSM__oid1938749,FB.OQ,S,3,220.84,NSM_trader228,3,EQUITY_EXCHANGE,,FALSE,
replaced,2015.04.20D15:05:20.226705894,HOR_NSM__oid1938539,FB.OQ,B,6,220.77,NSM_trader225,6,EQUITY_EXCHANGE,,FALSE,
filled,2015.04.20D15:05:20.463205642,HOR_NSM__oid1938598,FB.OQ,B,1,220.81,NSM_trader226,0,EQUITY_EXCHANGE,,FALSE,
filled,2015.04.20D15:05:20.599252097,HOR_NSM__oid1938620,FB.OQ,B,1,220.78,NSM_trader227,0,EQUITY_EXCHANGE,,FALSE,
filled,2015.04.20D15:05:21.099237193,HOR_NSM__oid1938749,FB.OQ,S,3,220.84,NSM_trader228,0,EQUITY_EXCHANGE,,FALSE,
new,2015.04.20D15:05:21.214261012,HOR_NSM__oid1938851,FB.OQ,B,1,220.81,NSM_trader229,1,EQUITY_EXCHANGE,,FALSE,
replaced,2015.04.20D15:05:21.226705894,HOR_NSM__oid1938539,FB.OQ,B,11,220.77,NSM_trader225,11,EQUITY_EXCHANGE,,FALSE,
new,2015.04.20D15:05:21.702295515,HOR_NSM__oid1938885,FB.OQ,S,4,220.84,NSM_trader230,4,EQUITY_EXCHANGE,,FALSE,
filled,2015.04.20D15:05:22.214261012,HOR_NSM__oid1938851,FB.OQ,B,1,220.81,NSM_trader229,0,EQUITY_EXCHANGE,,FALSE,
filled,2015.04.20D15:05:22.226705894,HOR_NSM__oid1938539,FB.OQ,B,11,220.77,NSM_trader225,0,EQUITY_EXCHANGE,,FALSE,
partiallyFilled,2015.04.20D15:05:22.702295515,HOR_NSM__oid1938885,FB.OQ,S,4,220.84,NSM_trader230,4,EQUITY_EXCHANGE,,FALSE,
new,2015.04.20D15:05:22.746376132,HOR_NSM__oid1939161,FB.OQ,S,1,220.8,NSM_trader231,1,EQUITY_EXCHANGE,,FALSE,
filled,2015.04.20D15:05:23.702295515,HOR_NSM__oid1938885,FB.OQ,S,4,220.84,NSM_trader230,0,EQUITY_EXCHANGE,,FALSE,
filled,2015.04.20D15:05:23.746376132,HOR_NSM__oid1939161,FB.OQ,S,1,220.8,NSM_trader231,0,EQUITY_EXCHANGE,,FALSE,
new,2015.04.20D15:05:25.086521074,HOR_NSM__oid1939361,FB.OQ,B,1,220.76,NSM_trader232,1,EQUITY_EXCHANGE,,FALSE,
filled,2015.04.20D15:05:26.086521074,HOR_NSM__oid1939361,FB.OQ,B,1,220.76,NSM_trader232,0,EQUITY_EXCHANGE,,FALSE,
new,2015.04.20D15:05:27.834770136,HOR_NSM__oid1939612,FB.OQ,B,10,220.75,NSM_trader233,10,EQUITY_EXCHANGE,,FALSE,
filled,2015.04.20D15:05:28.834770136,HOR_NSM__oid1939612,FB.OQ,B,10,220.75,NSM_trader233,0,EQUITY_EXCHANGE,,FALSE,
new,2015.04.20D15:05:30.098866860,HOR_NSM__oid1940081,FB.OQ,S,1,220.77,NSM_trader234,1,EQUITY_EXCHANGE,,FALSE,
new,2015.04.20D15:05:30.758294843,HOR_NSM__oid1940246,FB.OQ,B,3,220.7,NSM_trader235,3,EQUITY_EXCHANGE,,FALSE,
filled,2015.04.20D15:05:31.098866860,HOR_NSM__oid1940081,FB.OQ,S,1,220.77,NSM_trader234,0,EQUITY_EXCHANGE,,FALSE,
filled,2015.04.20D15:05:31.758294843,HOR_NSM__oid1940246,FB.OQ,B,3,220.7,NSM_trader235,0,EQUITY_EXCHANGE,,FALSE,
new,2015.04.20D15:05:34.435123797,HOR_NSM__oid1940661,FB.OQ,S,3,220.76,NSM_trader236,3,EQUITY_EXCHANGE,,FALSE,
filled,2015.04.20D15:05:35.435123797,HOR_NSM__oid1940661,FB.OQ,S,3,220.76,NSM_trader236,0,EQUITY_EXCHANGE,,FALSE,
new,2015.04.20D15:05:38.762448528,HOR_NSM__oid1941234,FB.OQ,B,1,220.68,NSM_trader237,1,EQUITY_EXCHANGE,,FALSE,
new,2015.04.20D15:05:38.806444202,HOR_NSM__oid1941258,FB.OQ,B,1,220.64,NSM_trader238,1,EQUITY_EXCHANGE,,FALSE,
new,2015.04.20D15:05:39.566281276,HOR_NSM__oid1941473,FB.OQ,B,14,220.6,NSM_trader239,14,EQUITY_EXCHANGE,,FALSE,
filled,2015.04.20D15:05:39.762448528,HOR_NSM__oid1941234,FB.OQ,B,1,220.68,NSM_trader237,0,EQUITY_EXCHANGE,,FALSE,
filled,2015.04.20D15:05:39.806444202,HOR_NSM__oid1941258,FB.OQ,B,1,220.64,NSM_trader238,0,EQUITY_EXCHANGE,,FALSE,
filled,2015.04.20D15:05:40.566281276,HOR_NSM__oid1941473,FB.OQ,B,14,220.6,NSM_trader239,0,EQUITY_EXCHANGE,,FALSE,
new,2015.04.20D15:05:41.570626873,HOR_NSM__oid1941777,FB.OQ,S,6,220.63,NSM_trader240,6,EQUITY_EXCHANGE,,FALSE,
replaced,2015.04.20D15:05:42.570626873,HOR_NSM__oid1941777,FB.OQ,S,11,220.63,NSM_trader240,11,EQUITY_EXCHANGE,,FALSE,
partiallyFilled,2015.04.20D15:05:42.570626873,HOR_NSM__oid1941777,FB.OQ,S,6,220.63,NSM_trader240,6,EQUITY_EXCHANGE,,FALSE,
filled,2015.04.20D15:05:43.570626873,HOR_NSM__oid1941777,FB.OQ,S,6,220.63,NSM_trader240,0,EQUITY_EXCHANGE,,FALSE,
new,2015.04.20D15:05:43.770766616,HOR_NSM__oid1941948,FB.OQ,B,13,220.6,NSM_trader241,13,EQUITY_EXCHANGE,,FALSE,
filled,2015.04.20D15:05:44.770766616,HOR_NSM__oid1941948,FB.OQ,B,13,220.6,NSM_trader241,0,EQUITY_EXCHANGE,,FALSE,
new,2015.04.20D15:05:45.246554472,HOR_NSM__oid1942059,FB.OQ,S,1,220.65,NSM_trader242,1,EQUITY_EXCHANGE,,FALSE,
filled,2015.04.20D15:05:46.246554472,HOR_NSM__oid1942059,FB.OQ,S,1,220.65,NSM_trader242,0,EQUITY_EXCHANGE,,FALSE,
new,2015.04.20D15:05:46.402588631,HOR_NSM__oid1942294,FB.OQ,S,2,220.65,NSM_trader243,2,EQUITY_EXCHANGE,,FALSE,
new,2015.04.20D15:05:47.294993307,HOR_NSM__oid1942421,FB.OQ,S,1,220.63,NSM_trader244,1,EQUITY_EXCHANGE,,FALSE,
filled,2015.04.20D15:05:47.402588631,HOR_NSM__oid1942294,FB.OQ,S,2,220.65,NSM_trader243,0,EQUITY_EXCHANGE,,FALSE,
new,2015.04.20D15:05:48.245089829,HOR_NSM__oid1942681,FB.OQ,B,2,220.55,NSM_trader245,2,EQUITY_EXCHANGE,,FALSE,
filled,2015.04.20D15:05:48.294993307,HOR_NSM__oid1942421,FB.OQ,S,1,220.63,NSM_trader244,0,EQUITY_EXCHANGE,,FALSE,
filled,2015.04.20D15:05:49.245089829,HOR_NSM__oid1942681,FB.OQ,B,2,220.55,NSM_trader245,0,EQUITY_EXCHANGE,,FALSE,
new,2015.04.20D15:05:49.290516186,HOR_NSM__oid1942859,FB.OQ,B,1,220.52,NSM_trader246,1,EQUITY_EXCHANGE,,FALSE,
new,2015.04.20D15:05:49.446064352,HOR_NSM__oid1942892,FB.OQ,S,1,220.56,NSM_trader247,1,EQUITY_EXCHANGE,,FALSE,
filled,2015.04.20D15:05:50.290516186,HOR_NSM__oid1942859,FB.OQ,B,1,220.52,NSM_trader246,0,EQUITY_EXCHANGE,,FALSE,
filled,2015.04.20D15:05:50.446064352,HOR_NSM__oid1942892,FB.OQ,S,1,220.56,NSM_trader247,0,EQUITY_EXCHANGE,,FALSE,
new,2015.04.20D15:05:51.946231373,HOR_NSM__oid1943100,FB.OQ,B,1,220.53,NSM_demoTrader,1,EQUITY_EXCHANGE,0D00:00:34.892020320,FALSE,
filled,2015.04.20D15:05:52.946231373,HOR_NSM__oid1943100,FB.OQ,B,1,220.53,NSM_demoTrader,0,EQUITY_EXCHANGE,,FALSE,
new,2015.04.20D15:05:58.269696573,HOR_NSM__oid1943737,FB.OQ,S,2,220.57,NSM_trader249,2,EQUITY_EXCHANGE,,FALSE,
filled,2015.04.20D15:05:59.269696573,HOR_NSM__oid1943737,FB.OQ,S,2,220.57,NSM_trader249,0,EQUITY_EXCHANGE,,FALSE,
new,2015.04.20D15:06:02.722003003,HOR_NSM__oid1944657,FB.OQ,B,1,220.57,NSM_trader250,1,EQUITY_EXCHANGE,,FALSE,
new,2015.04.20D15:06:02.882019699,HOR_NSM__oid1944680,FB.OQ,B,2,220.56,NSM_trader251,2,EQUITY_EXCHANGE,,FALSE,
filled,2015.04.20D15:06:03.722003003,HOR_NSM__oid1944657,FB.OQ,B,1,220.57,NSM_trader250,0,EQUITY_EXCHANGE,,FALSE,
new,2015.04.20D15:06:03.730065325,HOR_NSM__oid1944754,FB.OQ,B,2,220.61,NSM_trader252,2,EQUITY_EXCHANGE,,FALSE,
new,2015.04.20D15:06:03.745993053,HOR_NSM__oid1944769,FB.OQ,B,2,220.63,NSM_trader253,2,EQUITY_EXCHANGE,,FALSE,
filled,2015.04.20D15:06:03.882019699,HOR_NSM__oid1944680,FB.OQ,B,2,220.56,NSM_trader251,0,EQUITY_EXCHANGE,,FALSE,
new,2015.04.20D15:06:04.450106440,HOR_NSM__oid1944839,FB.OQ,S,1,220.67,NSM_trader254,1,EQUITY_EXCHANGE,,FALSE,
filled,2015.04.20D15:06:04.730065325,HOR_NSM__oid1944754,FB.OQ,B,2,220.61,NSM_trader252,0,EQUITY_EXCHANGE,,FALSE,
new,2015.04.20D15:06:04.738108806,HOR_NSM__oid1944875,FB.OQ,B,1,220.66,NSM_trader255,1,EQUITY_EXCHANGE,,FALSE,
filled,2015.04.20D15:06:04.745993053,HOR_NSM__oid1944769,FB.OQ,B,2,220.63,NSM_trader253,0,EQUITY_EXCHANGE,,FALSE,
filled,2015.04.20D15:06:05.450106440,HOR_NSM__oid1944839,FB.OQ,S,1,220.67,NSM_trader254,0,EQUITY_EXCHANGE,,FALSE,
replaced,2015.04.20D15:06:05.738108806,HOR_NSM__oid1944875,FB.OQ,B,6,220.66,NSM_trader255,6,EQUITY_EXCHANGE,,FALSE,
filled,2015.04.20D15:06:06.738108806,HOR_NSM__oid1944875,FB.OQ,B,6,220.66,NSM_trader255,0,EQUITY_EXCHANGE,,FALSE,
new,2015.04.20D15:06:07.270279768,HOR_NSM__oid1945273,FB.OQ,B,1,220.66,NSM_trader256,1,EQUITY_EXCHANGE,,FALSE,
filled,2015.04.20D15:06:08.270279768,HOR_NSM__oid1945273,FB.OQ,B,1,220.66,NSM_trader256,0,EQUITY_EXCHANGE,,FALSE,
new,2015.04.20D15:06:09.778436943,HOR_NSM__oid1945559,FB.OQ,B,1,220.68,NSM_trader257,1,EQUITY_EXCHANGE,,FALSE,
new,2015.04.20D15:06:10.121439190,HOR_NSM__oid1945724,FB.OQ,S,9,220.7,NSM_trader258,9,EQUITY_EXCHANGE,,FALSE,
new,2015.04.20D15:06:10.214101788,HOR_NSM__oid1945872,FB.OQ,S,9,220.7,NSM_trader259,9,EQUITY_EXCHANGE,,FALSE,
new,2015.04.20D15:06:10.622488193,HOR_NSM__oid1945939,FB.OQ,S,7,220.7,NSM_trader260,7,EQUITY_EXCHANGE,,FALSE,
filled,2015.04.20D15:06:10.778436943,HOR_NSM__oid1945559,FB.OQ,B,1,220.68,NSM_trader257,0,EQUITY_EXCHANGE,,FALSE,
new,2015.04.20D15:06:11.118547298,HOR_NSM__oid1946087,FB.OQ,S,3,220.7,NSM_trader261,3,EQUITY_EXCHANGE,,FALSE,
filled,2015.04.20D15:06:11.121439190,HOR_NSM__oid1945724,FB.OQ,S,9,220.7,NSM_trader258,0,EQUITY_EXCHANGE,,FALSE,
new,2015.04.20D15:06:11.186559725,HOR_NSM__oid1946104,FB.OQ,S,1,220.73,NSM_demoTrader,1,EQUITY_EXCHANGE,0D00:00:19.240328352,FALSE,
filled,2015.04.20D15:06:11.214101788,HOR_NSM__oid1945872,FB.OQ,S,9,220.7,NSM_trader259,0,EQUITY_EXCHANGE,,FALSE,
partiallyFilled,2015.04.20D15:06:11.622488193,HOR_NSM__oid1945939,FB.OQ,S,7,220.7,NSM_trader260,7,EQUITY_EXCHANGE,,FALSE,
new,2015.04.20D15:06:12.002597126,HOR_NSM__oid1946205,FB.OQ,S,1,220.73,NSM_demoTrader,1,EQUITY_EXCHANGE,0D00:00:00.816037401,TRUE,
filled,2015.04.20D15:06:12.118547298,HOR_NSM__oid1946087,FB.OQ,S,3,220.7,NSM_trader261,0,EQUITY_EXCHANGE,,FALSE,
filled,2015.04.20D15:06:12.186559725,HOR_NSM__oid1946104,FB.OQ,S,1,220.73,NSM_demoTrader,0,EQUITY_EXCHANGE,,FALSE,
filled,2015.04.20D15:06:12.622488193,HOR_NSM__oid1945939,FB.OQ,S,7,220.7,NSM_trader260,0,EQUITY_EXCHANGE,,FALSE,
filled,2015.04.20D15:06:13.002597126,HOR_NSM__oid1946205,FB.OQ,S,1,220.73,NSM_demoTrader,0,EQUITY_EXCHANGE,,FALSE,
new,2015.04.20D15:06:13.501357605,HOR_NSM__oid1946316,FB.OQ,S,4,220.73,NSM_trader264,4,EQUITY_EXCHANGE,,FALSE,
filled,2015.04.20D15:06:14.501357605,HOR_NSM__oid1946316,FB.OQ,S,4,220.73,NSM_trader264,0,EQUITY_EXCHANGE,,FALSE,
new,2015.04.20D15:06:16.541900780,HOR_NSM__oid1946649,FB.OQ,B,1,220.62,NSM_trader265,1,EQUITY_EXCHANGE,,FALSE,
new,2015.04.20D15:06:17.057863997,HOR_NSM__oid1946709,FB.OQ,S,1,220.68,NSM_trader266,1,EQUITY_EXCHANGE,,FALSE,
filled,2015.04.20D15:06:17.541900780,HOR_NSM__oid1946649,FB.OQ,B,1,220.62,NSM_trader265,0,EQUITY_EXCHANGE,,FALSE,
filled,2015.04.20D15:06:18.057863997,HOR_NSM__oid1946709,FB.OQ,S,1,220.68,NSM_trader266,0,EQUITY_EXCHANGE,,FALSE,
new,2015.04.20D15:06:18.897988966,HOR_NSM__oid1947139,FB.OQ,B,1,220.6,NSM_trader267,1,EQUITY_EXCHANGE,,FALSE,
filled,2015.04.20D15:06:19.897988966,HOR_NSM__oid1947139,FB.OQ,B,1,220.6,NSM_trader267,0,EQUITY_EXCHANGE,,FALSE,
new,2015.04.20D15:06:21.710069536,HOR_NSM__oid1947761,FB.OQ,B,1,220.58,NSM_trader268,1,EQUITY_EXCHANGE,,FALSE,
new,2015.04.20D15:06:22.250078057,HOR_NSM__oid1947879,FB.OQ,B,3,220.53,NSM_trader269,3,EQUITY_EXCHANGE,,FALSE,
filled,2015.04.20D15:06:22.710069536,HOR_NSM__oid1947761,FB.OQ,B,1,220.58,NSM_trader268,0,EQUITY_EXCHANGE,,FALSE,
new,2015.04.20D15:06:23.053823351,HOR_NSM__oid1947968,FB.OQ,S,1,220.59,NSM_trader270,1,EQUITY_EXCHANGE,,FALSE,
filled,2015.04.20D15:06:23.250078057,HOR_NSM__oid1947879,FB.OQ,B,3,220.53,NSM_trader269,0,EQUITY_EXCHANGE,,FALSE,
replaced,2015.04.20D15:06:24.053823351,HOR_NSM__oid1947968,FB.OQ,S,6,220.59,NSM_trader270,6,EQUITY_EXCHANGE,,FALSE,
new,2015.04.20D15:06:24.190320375,HOR_NSM__oid1948193,FB.OQ,S,1,220.59,NSM_trader271,1,EQUITY_EXCHANGE,,FALSE,
filled,2015.04.20D15:06:25.053823351,HOR_NSM__oid1947968,FB.OQ,S,6,220.59,NSM_trader270,0,EQUITY_EXCHANGE,,FALSE,
filled,2015.04.20D15:06:25.190320375,HOR_NSM__oid1948193,FB.OQ,S,1,220.59,NSM_trader271,0,EQUITY_EXCHANGE,,FALSE,
new,2015.04.20D15:06:27.058533947,HOR_NSM__oid1948468,FB.OQ,S,2,220.59,NSM_trader272,2,EQUITY_EXCHANGE,,FALSE,
new,2015.04.20D15:06:28.046445925,HOR_NSM__oid1948623,FB.OQ,B,1,220.6,NSM_trader273,1,EQUITY_EXCHANGE,,FALSE,
filled,2015.04.20D15:06:28.058533947,HOR_NSM__oid1948468,FB.OQ,S,2,220.59,NSM_trader272,0,EQUITY_EXCHANGE,,FALSE,
new,2015.04.20D15:06:28.578606048,HOR_NSM__oid1948697,FB.OQ,B,1,220.63,NSM_trader274,1,EQUITY_EXCHANGE,,FALSE,
filled,2015.04.20D15:06:29.046445925,HOR_NSM__oid1948623,FB.OQ,B,1,220.6,NSM_trader273,0,EQUITY_EXCHANGE,,FALSE,
filled,2015.04.20D15:06:29.578606048,HOR_NSM__oid1948697,FB.OQ,B,1,220.63,NSM_trader274,0,EQUITY_EXCHANGE,,FALSE,
new,2015.04.20D15:06:31.381311952,HOR_NSM__oid1949210,FB.OQ,B,1,220.6,NSM_trader275,1,EQUITY_EXCHANGE,,FALSE,
filled,2015.04.20D15:06:32.381311952,HOR_NSM__oid1949210,FB.OQ,B,1,220.6,NSM_trader275,0,EQUITY_EXCHANGE,,FALSE,
new,2015.04.20D15:06:33.653986386,HOR_NSM__oid1949491,FB.OQ,S,4,220.62,NSM_trader276,4,EQUITY_EXCHANGE,,FALSE,
filled,2015.04.20D15:06:34.653986386,HOR_NSM__oid1949491,FB.OQ,S,4,220.62,NSM_trader276,0,EQUITY_EXCHANGE,,FALSE,
new,2015.04.20D15:06:34.942074064,HOR_NSM__oid1949573,FB.OQ,B,2,220.56,NSM_trader277,2,EQUITY_EXCHANGE,,FALSE,
filled,2015.04.20D15:06:35.942074064,HOR_NSM__oid1949573,FB.OQ,B,2,220.56,NSM_trader277,0,EQUITY_EXCHANGE,,FALSE,
new,2015.04.20D15:06:36.773549496,HOR_NSM__oid1949830,FB.OQ,B,1,220.58,NSM_trader278,1,EQUITY_EXCHANGE,,FALSE,
filled,2015.04.20D15:06:37.773549496,HOR_NSM__oid1949830,FB.OQ,B,1,220.58,NSM_trader278,0,EQUITY_EXCHANGE,,FALSE,
new,2015.04.20D15:06:43.578020215,HOR_NSM__oid1950646,FB.OQ,S,3,220.62,NSM_trader279,3,EQUITY_EXCHANGE,,FALSE,
new,2015.04.20D15:06:43.634630051,HOR_NSM__oid1950663,FB.OQ,B,2,220.6,NSM_trader280,2,EQUITY_EXCHANGE,,FALSE,
new,2015.04.20D15:06:43.730097542,HOR_NSM__oid1950702,FB.OQ,S,4,220.65,NSM_demoTrader,4,EQUITY_EXCHANGE,0D00:00:31.727500416,FALSE,
filled,2015.04.20D15:06:44.578020215,HOR_NSM__oid1950646,FB.OQ,S,3,220.62,NSM_trader279,0,EQUITY_EXCHANGE,,FALSE,
filled,2015.04.20D15:06:44.634630051,HOR_NSM__oid1950663,FB.OQ,B,2,220.6,NSM_trader280,0,EQUITY_EXCHANGE,,FALSE,
filled,2015.04.20D15:06:44.730097542,HOR_NSM__oid1950702,FB.OQ,S,4,220.65,NSM_demoTrader,0,EQUITY_EXCHANGE,,FALSE,
new,2015.04.20D15:06:46.554199232,HOR_NSM__oid1951054,FB.OQ,B,1,220.64,NSM_trader282,1,EQUITY_EXCHANGE,,FALSE,
new,2015.04.20D15:06:47.138856565,HOR_NSM__oid1951149,FB.OQ,B,1,220.66,NSM_trader283,1,EQUITY_EXCHANGE,,FALSE,
filled,2015.04.20D15:06:47.554199232,HOR_NSM__oid1951054,FB.OQ,B,1,220.64,NSM_trader282,0,EQUITY_EXCHANGE,,FALSE,
filled,2015.04.20D15:06:48.138856565,HOR_NSM__oid1951149,FB.OQ,B,1,220.66,NSM_trader283,0,EQUITY_EXCHANGE,,FALSE,
new,2015.04.20D15:06:49.453488933,HOR_NSM__oid1951372,FB.OQ,B,3,220.57,NSM_trader284,3,EQUITY_EXCHANGE,,FALSE,
filled,2015.04.20D15:06:50.453488933,HOR_NSM__oid1951372,FB.OQ,B,3,220.57,NSM_trader284,0,EQUITY_EXCHANGE,,FALSE,
new,2015.04.20D15:06:52.169178935,HOR_NSM__oid1951864,FB.OQ,B,21,220.55,NSM_trader285,21,EQUITY_EXCHANGE,,FALSE,
new,2015.04.20D15:06:53.113824617,HOR_NSM__oid1951997,FB.OQ,B,1,220.56,NSM_trader286,1,EQUITY_EXCHANGE,,FALSE,
replaced,2015.04.20D15:06:53.169178935,HOR_NSM__oid1951864,FB.OQ,B,26,220.55,NSM_trader285,26,EQUITY_EXCHANGE,,FALSE,
filled,2015.04.20D15:06:54.113824617,HOR_NSM__oid1951997,FB.OQ,B,1,220.56,NSM_trader286,0,EQUITY_EXCHANGE,,FALSE,
filled,2015.04.20D15:06:54.169178935,HOR_NSM__oid1951864,FB.OQ,B,26,220.55,NSM_trader285,0,EQUITY_EXCHANGE,,FALSE,
new,2015.04.20D15:06:54.522291441,HOR_NSM__oid1952210,FB.OQ,S,3,220.64,NSM_trader287,3,EQUITY_EXCHANGE,,FALSE,
filled,2015.04.20D15:06:55.522291441,HOR_NSM__oid1952210,FB.OQ,S,3,220.64,NSM_trader287,0,EQUITY_EXCHANGE,,FALSE,
new,2015.04.20D15:06:57.369736062,HOR_NSM__oid1952543,FB.OQ,B,1,220.6,NSM_trader288,1,EQUITY_EXCHANGE,,FALSE,
filled,2015.04.20D15:06:58.369736062,HOR_NSM__oid1952543,FB.OQ,B,1,220.6,NSM_trader288,0,EQUITY_EXCHANGE,,FALSE,
new,2015.04.20D15:07:00.318145504,HOR_NSM__oid1953024,FB.OQ,B,1,220.57,NSM_trader289,1,EQUITY_EXCHANGE,,FALSE,
filled,2015.04.20D15:07:01.318145504,HOR_NSM__oid1953024,FB.OQ,B,1,220.57,NSM_trader289,0,EQUITY_EXCHANGE,,FALSE,
new,2015.04.20D15:07:02.478349153,HOR_NSM__oid1953218,FB.OQ,S,5,220.59,NSM_trader290,5,EQUITY_EXCHANGE,,FALSE,
partiallyFilled,2015.04.20D15:07:03.478349153,HOR_NSM__oid1953218,FB.OQ,S,5,220.59,NSM_trader290,5,EQUITY_EXCHANGE,,FALSE,
new,2015.04.20D15:07:03.616025883,HOR_NSM__oid1953326,FB.OQ,S,4,220.59,NSM_trader291,4,EQUITY_EXCHANGE,,FALSE,
filled,2015.04.20D15:07:04.478349153,HOR_NSM__oid1953218,FB.OQ,S,5,220.59,NSM_trader290,0,EQUITY_EXCHANGE,,FALSE,
filled,2015.04.20D15:07:04.616025883,HOR_NSM__oid1953326,FB.OQ,S,4,220.59,NSM_trader291,0,EQUITY_EXCHANGE,,FALSE,
new,2015.04.20D15:07:10.482368498,HOR_NSM__oid1954003,FB.OQ,B,19,220.55,NSM_demoTrader,19,EQUITY_EXCHANGE,0D00:00:26.752270956,FALSE,
filled,2015.04.20D15:07:11.482368498,HOR_NSM__oid1954003,FB.OQ,B,19,220.55,NSM_demoTrader,0,EQUITY_EXCHANGE,,FALSE,
new,2015.04.20D15:07:13.826241004,HOR_NSM__oid1954471,FB.OQ,S,2,220.58,NSM_trader293,2,EQUITY_EXCHANGE,,FALSE,
new,2015.04.20D15:07:13.834595853,HOR_NSM__oid1954486,FB.OQ,B,1,220.53,NSM_trader294,1,EQUITY_EXCHANGE,,FALSE,
filled,2015.04.20D15:07:14.826241004,HOR_NSM__oid1954471,FB.OQ,S,2,220.58,NSM_trader293,0,EQUITY_EXCHANGE,,FALSE,
filled,2015.04.20D15:07:14.834595853,HOR_NSM__oid1954486,FB.OQ,B,1,220.53,NSM_trader294,0,EQUITY_EXCHANGE,,FALSE,
new,2015.04.20D15:07:14.973798419,HOR_NSM__oid1954703,FB.OQ,S,1,220.55,NSM_demoTrader,1,EQUITY_EXCHANGE,0D00:00:04.491429921,TRUE,
filled,2015.04.20D15:07:15.973798419,HOR_NSM__oid1954703,FB.OQ,S,1,220.55,NSM_demoTrader,0,EQUITY_EXCHANGE,,FALSE,
new,2015.04.20D15:07:17.345776737,HOR_NSM__oid1954951,FB.OQ,B,20,220.5,NSM_trader296,20,EQUITY_EXCHANGE,,FALSE,
new,2015.04.20D15:07:17.346005641,HOR_NSM__oid1954966,FB.OQ,S,1,220.52,NSM_trader297,1,EQUITY_EXCHANGE,,FALSE,
new,2015.04.20D15:07:17.682823292,HOR_NSM__oid1954989,FB.OQ,S,3,220.52,NSM_trader298,3,EQUITY_EXCHANGE,,FALSE,
new,2015.04.20D15:07:17.846831852,HOR_NSM__oid1955008,FB.OQ,B,2,220.42,NSM_trader299,2,EQUITY_EXCHANGE,,FALSE,
filled,2015.04.20D15:07:18.345776737,HOR_NSM__oid1954951,FB.OQ,B,20,220.5,NSM_trader296,0,EQUITY_EXCHANGE,,FALSE,
filled,2015.04.20D15:07:18.346005641,HOR_NSM__oid1954966,FB.OQ,S,1,220.52,NSM_trader297,0,EQUITY_EXCHANGE,,FALSE,
filled,2015.04.20D15:07:18.682823292,HOR_NSM__oid1954989,FB.OQ,S,3,220.52,NSM_trader298,0,EQUITY_EXCHANGE,,FALSE,
filled,2015.04.20D15:07:18.846831852,HOR_NSM__oid1955008,FB.OQ,B,2,220.42,NSM_trader299,0,EQUITY_EXCHANGE,,FALSE,
new,2015.04.20D15:07:19.285888547,HOR_NSM__oid1955148,FB.OQ,S,8,220.48,NSM_trader300,8,EQUITY_EXCHANGE,,FALSE,
new,2015.04.20D15:07:19.834965681,HOR_NSM__oid1955201,FB.OQ,S,14,220.48,NSM_demoTrader,14,EQUITY_EXCHANGE,0D00:00:04.861167262,TRUE,
replaced,2015.04.20D15:07:20.285888547,HOR_NSM__oid1955148,FB.OQ,S,13,220.48,NSM_trader300,13,EQUITY_EXCHANGE,,FALSE,
partiallyFilled,2015.04.20D15:07:20.285888547,HOR_NSM__oid1955148,FB.OQ,S,8,220.48,NSM_trader300,8,EQUITY_EXCHANGE,,FALSE,
filled,2015.04.20D15:07:20.834965681,HOR_NSM__oid1955201,FB.OQ,S,14,220.48,NSM_demoTrader,0,EQUITY_EXCHANGE,,FALSE,
replaced,2015.04.20D15:07:21.285888547,HOR_NSM__oid1955148,FB.OQ,S,18,220.48,NSM_trader300,18,EQUITY_EXCHANGE,,FALSE,
filled,2015.04.20D15:07:21.285888547,HOR_NSM__oid1955148,FB.OQ,S,8,220.48,NSM_trader300,0,EQUITY_EXCHANGE,,FALSE,
new,2015.04.20D15:07:21.514067452,HOR_NSM__oid1955357,FB.OQ,B,1,220.42,NSM_trader302,1,EQUITY_EXCHANGE,,FALSE,
new,2015.04.20D15:07:21.674045012,HOR_NSM__oid1955382,FB.OQ,B,2,220.41,NSM_trader303,2,EQUITY_EXCHANGE,,FALSE,
filled,2015.04.20D15:07:22.514067452,HOR_NSM__oid1955357,FB.OQ,B,1,220.42,NSM_trader302,0,EQUITY_EXCHANGE,,FALSE,
filled,2015.04.20D15:07:22.674045012,HOR_NSM__oid1955382,FB.OQ,B,2,220.41,NSM_trader303,0,EQUITY_EXCHANGE,,FALSE,
new,2015.04.20D15:07:25.681187882,HOR_NSM__oid1955766,FB.OQ,B,11,220.4,NSM_trader304,11,EQUITY_EXCHANGE,,FALSE,
filled,2015.04.20D15:07:26.681187882,HOR_NSM__oid1955766,FB.OQ,B,11,220.4,NSM_trader304,0,EQUITY_EXCHANGE,,FALSE,
new,2015.04.20D15:07:27.841310086,HOR_NSM__oid1956019,FB.OQ,B,11,220.4,NSM_trader305,11,EQUITY_EXCHANGE,,FALSE,
filled,2015.04.20D15:07:28.841310086,HOR_NSM__oid1956019,FB.OQ,B,11,220.4,NSM_trader305,0,EQUITY_EXCHANGE,,FALSE,
new,2015.04.20D15:07:30.541492605,HOR_NSM__oid1956284,FB.OQ,S,2,220.42,NSM_trader306,2,EQUITY_EXCHANGE,,FALSE,
filled,2015.04.20D15:07:31.541492605,HOR_NSM__oid1956284,FB.OQ,S,2,220.42,NSM_trader306,0,EQUITY_EXCHANGE,,FALSE,
new,2015.04.20D15:07:32.265890116,HOR_NSM__oid1956830,FB.OQ,S,1,220.4,NSM_trader307,1,EQUITY_EXCHANGE,,FALSE,
filled,2015.04.20D15:07:33.265890116,HOR_NSM__oid1956830,FB.OQ,S,1,220.4,NSM_trader307,0,EQUITY_EXCHANGE,,FALSE,
new,2015.04.20D15:07:33.349790465,HOR_NSM__oid1956934,FB.OQ,S,7,220.39,NSM_trader308,7,EQUITY_EXCHANGE,,FALSE,
filled,2015.04.20D15:07:34.349790465,HOR_NSM__oid1956934,FB.OQ,S,7,220.39,NSM_trader308,0,EQUITY_EXCHANGE,,FALSE,
new,2015.04.20D15:07:35.513979726,HOR_NSM__oid1957178,FB.OQ,B,1,220.35,NSM_trader309,1,EQUITY_EXCHANGE,,FALSE,
new,2015.04.20D15:07:36.038017864,HOR_NSM__oid1957236,FB.OQ,B,1,220.36,NSM_trader310,1,EQUITY_EXCHANGE,,FALSE,
filled,2015.04.20D15:07:36.513979726,HOR_NSM__oid1957178,FB.OQ,B,1,220.35,NSM_trader309,0,EQUITY_EXCHANGE,,FALSE,
filled,2015.04.20D15:07:37.038017864,HOR_NSM__oid1957236,FB.OQ,B,1,220.36,NSM_trader310,0,EQUITY_EXCHANGE,,FALSE,
new,2015.04.20D15:07:37.702118915,HOR_NSM__oid1957408,FB.OQ,B,1,220.3,NSM_trader311,1,EQUITY_EXCHANGE,,FALSE,
filled,2015.04.20D15:07:38.702118915,HOR_NSM__oid1957408,FB.OQ,B,1,220.3,NSM_trader311,0,EQUITY_EXCHANGE,,FALSE,
new,2015.04.20D15:07:38.853781693,HOR_NSM__oid1957528,FB.OQ,S,1,220.35,NSM_trader312,1,EQUITY_EXCHANGE,,FALSE,
new,2015.04.20D15:07:39.718248425,HOR_NSM__oid1957619,FB.OQ,S,11,220.35,NSM_trader313,11,EQUITY_EXCHANGE,,FALSE,
filled,2015.04.20D15:07:39.853781693,HOR_NSM__oid1957528,FB.OQ,S,1,220.35,NSM_trader312,0,EQUITY_EXCHANGE,,FALSE,
filled,2015.04.20D15:07:40.718248425,HOR_NSM__oid1957619,FB.OQ,S,11,220.35,NSM_trader313,0,EQUITY_EXCHANGE,,FALSE,
new,2015.04.20D15:07:42.137360831,HOR_NSM__oid1957859,FB.OQ,S,1,220.33,NSM_trader314,1,EQUITY_EXCHANGE,,FALSE,
new,2015.04.20D15:07:42.729406117,HOR_NSM__oid1957898,FB.OQ,B,1,220.27,NSM_trader315,1,EQUITY_EXCHANGE,,FALSE,
filled,2015.04.20D15:07:43.137360831,HOR_NSM__oid1957859,FB.OQ,S,1,220.33,NSM_trader314,0,EQUITY_EXCHANGE,,FALSE,
replaced,2015.04.20D15:07:43.729406117,HOR_NSM__oid1957898,FB.OQ,B,6,220.27,NSM_trader315,6,EQUITY_EXCHANGE,,FALSE,
filled,2015.04.20D15:07:44.729406117,HOR_NSM__oid1957898,FB.OQ,B,6,220.27,NSM_trader315,0,EQUITY_EXCHANGE,,FALSE,
new,2015.04.20D15:07:45.017551959,HOR_NSM__oid1958013,FB.OQ,B,1,220.27,NSM_trader316,1,EQUITY_EXCHANGE,,FALSE,
new,2015.04.20D15:07:45.769666189,HOR_NSM__oid1958050,FB.OQ,S,8,220.34,NSM_trader317,8,EQUITY_EXCHANGE,,FALSE,
new,2015.04.20D15:07:45.773437669,HOR_NSM__oid1958065,FB.OQ,S,2,220.37,NSM_trader318,2,EQUITY_EXCHANGE,,FALSE,
filled,2015.04.20D15:07:46.017551959,HOR_NSM__oid1958013,FB.OQ,B,1,220.27,NSM_trader316,0,EQUITY_EXCHANGE,,FALSE,
new,2015.04.20D15:07:46.077462828,HOR_NSM__oid1958172,FB.OQ,B,1,220.37,NSM_trader319,1,EQUITY_EXCHANGE,,FALSE,
new,2015.04.20D15:07:46.125632719,HOR_NSM__oid1958189,FB.OQ,B,1,220.39,NSM_trader320,1,EQUITY_EXCHANGE,,FALSE,
new,2015.04.20D15:07:46.233256555,HOR_NSM__oid1958204,FB.OQ,S,3,220.42,NSM_demoTrader,3,EQUITY_EXCHANGE,0D00:00:26.398290874,FALSE,
new,2015.04.20D15:07:46.253629749,HOR_NSM__oid1958219,FB.OQ,B,1,220.41,NSM_trader322,1,EQUITY_EXCHANGE,,FALSE,
new,2015.04.20D15:07:46.361632290,HOR_NSM__oid1958236,FB.OQ,S,7,220.44,NSM_trader323,7,EQUITY_EXCHANGE,,FALSE,
filled,2015.04.20D15:07:46.769666189,HOR_NSM__oid1958050,FB.OQ,S,8,220.34,NSM_trader317,0,EQUITY_EXCHANGE,,FALSE,
filled,2015.04.20D15:07:46.773437669,HOR_NSM__oid1958065,FB.OQ,S,2,220.37,NSM_trader318,0,EQUITY_EXCHANGE,,FALSE,
filled,2015.04.20D15:07:47.077462828,HOR_NSM__oid1958172,FB.OQ,B,1,220.37,NSM_trader319,0,EQUITY_EXCHANGE,,FALSE,
filled,2015.04.20D15:07:47.125632719,HOR_NSM__oid1958189,FB.OQ,B,1,220.39,NSM_trader320,0,EQUITY_EXCHANGE,,FALSE,
filled,2015.04.20D15:07:47.233256555,HOR_NSM__oid1958204,FB.OQ,S,3,220.42,NSM_demoTrader,0,EQUITY_EXCHANGE,,FALSE,
filled,2015.04.20D15:07:47.253629749,HOR_NSM__oid1958219,FB.OQ,B,1,220.41,NSM_trader322,0,EQUITY_EXCHANGE,,FALSE,
filled,2015.04.20D15:07:47.361632290,HOR_NSM__oid1958236,FB.OQ,S,7,220.44,NSM_trader323,0,EQUITY_EXCHANGE,,FALSE,
new,2015.04.20D15:07:48.045649877,HOR_NSM__oid1958439,FB.OQ,S,8,220.44,NSM_trader324,8,EQUITY_EXCHANGE,,FALSE,
filled,2015.04.20D15:07:49.045649877,HOR_NSM__oid1958439,FB.OQ,S,8,220.44,NSM_trader324,0,EQUITY_EXCHANGE,,FALSE,
new,2015.04.20D15:07:53.418118132,HOR_NSM__oid1959091,FB.OQ,B,1,220.36,NSM_trader325,1,EQUITY_EXCHANGE,,FALSE,
new,2015.04.20D15:07:54.222143820,HOR_NSM__oid1959285,FB.OQ,S,7,220.44,NSM_trader326,7,EQUITY_EXCHANGE,,FALSE,
filled,2015.04.20D15:07:54.418118132,HOR_NSM__oid1959091,FB.OQ,B,1,220.36,NSM_trader325,0,EQUITY_EXCHANGE,,FALSE,
new,2015.04.20D15:07:54.990193697,HOR_NSM__oid1959440,FB.OQ,B,2,220.34,NSM_trader327,2,EQUITY_EXCHANGE,,FALSE,
filled,2015.04.20D15:07:55.222143820,HOR_NSM__oid1959285,FB.OQ,S,7,220.44,NSM_trader326,0,EQUITY_EXCHANGE,,FALSE,
filled,2015.04.20D15:07:55.990193697,HOR_NSM__oid1959440,FB.OQ,B,2,220.34,NSM_trader327,0,EQUITY_EXCHANGE,,FALSE,
new,2015.04.20D15:07:57.070338754,HOR_NSM__oid1959872,FB.OQ,B,2,220.33,NSM_trader328,2,EQUITY_EXCHANGE,,FALSE,
new,2015.04.20D15:07:57.550374274,HOR_NSM__oid1959973,FB.OQ,S,3,220.38,NSM_trader329,3,EQUITY_EXCHANGE,,FALSE,
filled,2015.04.20D15:07:58.070338754,HOR_NSM__oid1959872,FB.OQ,B,2,220.33,NSM_trader328,0,EQUITY_EXCHANGE,,FALSE,
filled,2015.04.20D15:07:58.550374274,HOR_NSM__oid1959973,FB.OQ,S,3,220.38,NSM_trader329,0,EQUITY_EXCHANGE,,FALSE,
new,2015.04.20D15:08:04.705856298,HOR_NSM__oid1960677,FB.OQ,B,1,220.33,NSM_trader330,1,EQUITY_EXCHANGE,,FALSE,
replaced,2015.04.20D15:08:05.705856298,HOR_NSM__oid1960677,FB.OQ,B,6,220.33,NSM_trader330,6,EQUITY_EXCHANGE,,FALSE,
filled,2015.04.20D15:08:06.705856298,HOR_NSM__oid1960677,FB.OQ,B,6,220.33,NSM_trader330,0,EQUITY_EXCHANGE,,FALSE,
new,2015.04.20D15:08:09.246157891,HOR_NSM__oid1961326,FB.OQ,B,1,220.3,NSM_trader331,1,EQUITY_EXCHANGE,,FALSE,
filled,2015.04.20D15:08:10.246157891,HOR_NSM__oid1961326,FB.OQ,B,1,220.3,NSM_trader331,0,EQUITY_EXCHANGE,,FALSE,
new,2015.04.20D15:08:12.902405947,HOR_NSM__oid1961923,FB.OQ,S,2,220.31,NSM_trader332,2,EQUITY_EXCHANGE,,FALSE,
new,2015.04.20D15:08:13.042410762,HOR_NSM__oid1961940,FB.OQ,B,4,220.26,NSM_trader333,4,EQUITY_EXCHANGE,,FALSE,
new,2015.04.20D15:08:13.438188109,HOR_NSM__oid1961991,FB.OQ,S,11,220.3,NSM_trader334,11,EQUITY_EXCHANGE,,FALSE,
filled,2015.04.20D15:08:13.902405947,HOR_NSM__oid1961923,FB.OQ,S,2,220.31,NSM_trader332,0,EQUITY_EXCHANGE,,FALSE,
filled,2015.04.20D15:08:14.042410762,HOR_NSM__oid1961940,FB.OQ,B,4,220.26,NSM_trader333,0,EQUITY_EXCHANGE,,FALSE,
filled,2015.04.20D15:08:14.438188109,HOR_NSM__oid1961991,FB.OQ,S,11,220.3,NSM_trader334,0,EQUITY_EXCHANGE,,FALSE,
new,2015.04.20D15:08:16.065189245,HOR_NSM__oid1962459,FB.OQ,S,9,220.3,NSM_trader335,9,EQUITY_EXCHANGE,,FALSE,
new,2015.04.20D15:08:16.065558693,HOR_NSM__oid1962474,FB.OQ,B,1,220.32,NSM_trader336,1,EQUITY_EXCHANGE,,FALSE,
new,2015.04.20D15:08:16.117285247,HOR_NSM__oid1962506,FB.OQ,S,17,220.36,NSM_trader337,17,EQUITY_EXCHANGE,,FALSE,
filled,2015.04.20D15:08:17.065189245,HOR_NSM__oid1962459,FB.OQ,S,9,220.3,NSM_trader335,0,EQUITY_EXCHANGE,,FALSE,
filled,2015.04.20D15:08:17.065558693,HOR_NSM__oid1962474,FB.OQ,B,1,220.32,NSM_trader336,0,EQUITY_EXCHANGE,,FALSE,
filled,2015.04.20D15:08:17.117285247,HOR_NSM__oid1962506,FB.OQ,S,17,220.36,NSM_trader337,0,EQUITY_EXCHANGE,,FALSE,
new,2015.04.20D15:08:17.605142496,HOR_NSM__oid1962848,FB.OQ,B,5,220.32,NSM_trader338,5,EQUITY_EXCHANGE,,FALSE,
filled,2015.04.20D15:08:18.605142496,HOR_NSM__oid1962848,FB.OQ,B,5,220.32,NSM_trader338,0,EQUITY_EXCHANGE,,FALSE,
new,2015.04.20D15:08:21.161318362,HOR_NSM__oid1963447,FB.OQ,B,2,220.32,NSM_trader339,2,EQUITY_EXCHANGE,,FALSE,
filled,2015.04.20D15:08:22.161318362,HOR_NSM__oid1963447,FB.OQ,B,2,220.32,NSM_trader339,0,EQUITY_EXCHANGE,,FALSE,
new,2015.04.20D15:08:24.001380297,HOR_NSM__oid1963781,FB.OQ,S,2,220.32,NSM_trader340,2,EQUITY_EXCHANGE,,FALSE,
filled,2015.04.20D15:08:25.001380297,HOR_NSM__oid1963781,FB.OQ,S,2,220.32,NSM_trader340,0,EQUITY_EXCHANGE,,FALSE,
new,2015.04.20D15:08:29.150393972,HOR_NSM__oid1964119,FB.OQ,S,1,220.34,NSM_trader341,1,EQUITY_EXCHANGE,,FALSE,
filled,2015.04.20D15:08:30.150393972,HOR_NSM__oid1964119,FB.OQ,S,1,220.34,NSM_trader341,0,EQUITY_EXCHANGE,,FALSE,
new,2015.04.20D15:08:30.934053755,HOR_NSM__oid1964355,FB.OQ,S,1,220.34,NSM_trader342,1,EQUITY_EXCHANGE,,FALSE,
filled,2015.04.20D15:08:31.934053755,HOR_NSM__oid1964355,FB.OQ,S,1,220.34,NSM_trader342,0,EQUITY_EXCHANGE,,FALSE,
new,2015.04.20D15:08:39.345393025,HOR_NSM__oid1964984,FB.OQ,S,8,220.33,NSM_trader343,8,EQUITY_EXCHANGE,,FALSE,
new,2015.04.20D15:08:40.290245834,HOR_NSM__oid1965071,FB.OQ,B,1,220.27,NSM_trader344,1,EQUITY_EXCHANGE,,FALSE,
filled,2015.04.20D15:08:40.345393025,HOR_NSM__oid1964984,FB.OQ,S,8,220.33,NSM_trader343,0,EQUITY_EXCHANGE,,FALSE,
filled,2015.04.20D15:08:41.290245834,HOR_NSM__oid1965071,FB.OQ,B,1,220.27,NSM_trader344,0,EQUITY_EXCHANGE,,FALSE,
new,2015.04.20D15:08:44.638446417,HOR_NSM__oid1965326,FB.OQ,S,3,220.3,NSM_trader345,3,EQUITY_EXCHANGE,,FALSE,
replaced,2015.04.20D15:08:45.638446417,HOR_NSM__oid1965326,FB.OQ,S,8,220.3,NSM_trader345,8,EQUITY_EXCHANGE,,FALSE,
filled,2015.04.20D15:08:46.638446417,HOR_NSM__oid1965326,FB.OQ,S,8,220.3,NSM_trader345,0,EQUITY_EXCHANGE,,FALSE,
new,2015.04.20D15:08:48.038659584,HOR_NSM__oid1965978,FB.OQ,B,1,220.26,NSM_trader346,1,EQUITY_EXCHANGE,,FALSE,
new,2015.04.20D15:08:48.289733594,HOR_NSM__oid1966007,FB.OQ,S,9,220.31,NSM_trader347,9,EQUITY_EXCHANGE,,FALSE,
new,2015.04.20D15:08:48.294102075,HOR_NSM__oid1966022,FB.OQ,S,1,220.33,NSM_trader348,1,EQUITY_EXCHANGE,,FALSE,
new,2015.04.20D15:08:48.797850467,HOR_NSM__oid1966131,FB.OQ,B,2,220.33,NSM_trader349,2,EQUITY_EXCHANGE,,FALSE,
new,2015.04.20D15:08:48.970736357,HOR_NSM__oid1966158,FB.OQ,B,1,220.37,NSM_trader350,1,EQUITY_EXCHANGE,,FALSE,
filled,2015.04.20D15:08:49.038659584,HOR_NSM__oid1965978,FB.OQ,B,1,220.26,NSM_trader346,0,EQUITY_EXCHANGE,,FALSE,
filled,2015.04.20D15:08:49.289733594,HOR_NSM__oid1966007,FB.OQ,S,9,220.31,NSM_trader347,0,EQUITY_EXCHANGE,,FALSE,
filled,2015.04.20D15:08:49.294102075,HOR_NSM__oid1966022,FB.OQ,S,1,220.33,NSM_trader348,0,EQUITY_EXCHANGE,,FALSE,
filled,2015.04.20D15:08:49.797850467,HOR_NSM__oid1966131,FB.OQ,B,2,220.33,NSM_trader349,0,EQUITY_EXCHANGE,,FALSE,
filled,2015.04.20D15:08:49.970736357,HOR_NSM__oid1966158,FB.OQ,B,1,220.37,NSM_trader350,0,EQUITY_EXCHANGE,,FALSE,
new,2015.04.20D15:08:50.788796177,HOR_NSM__oid1966517,FB.OQ,S,6,220.4,NSM_trader351,6,EQUITY_EXCHANGE,,FALSE,
new,2015.04.20D15:08:51.172896716,HOR_NSM__oid1966547,FB.OQ,B,1,220.43,NSM_trader352,1,EQUITY_EXCHANGE,,FALSE,
filled,2015.04.20D15:08:51.788796177,HOR_NSM__oid1966517,FB.OQ,S,6,220.4,NSM_trader351,0,EQUITY_EXCHANGE,,FALSE,
filled,2015.04.20D15:08:52.172896716,HOR_NSM__oid1966547,FB.OQ,B,1,220.43,NSM_trader352,0,EQUITY_EXCHANGE,,FALSE,
new,2015.04.20D15:08:52.220932383,HOR_NSM__oid1966618,FB.OQ,S,4,220.45,NSM_trader353,4,EQUITY_EXCHANGE,,FALSE,
filled,2015.04.20D15:08:53.220932383,HOR_NSM__oid1966618,FB.OQ,S,4,220.45,NSM_trader353,0,EQUITY_EXCHANGE,,FALSE,
new,2015.04.20D15:08:59.889343779,HOR_NSM__oid1967691,FB.OQ,S,6,220.45,NSM_trader354,6,EQUITY_EXCHANGE,,FALSE,
filled,2015.04.20D15:09:00.889343779,HOR_NSM__oid1967691,FB.OQ,S,6,220.45,NSM_trader354,0,EQUITY_EXCHANGE,,FALSE,
new,2015.04.20D15:09:01.199420654,HOR_NSM__oid1967898,FB.OQ,S,2,220.44,NSM_trader355,2,EQUITY_EXCHANGE,,FALSE,
new,2015.04.20D15:09:01.693517642,HOR_NSM__oid1968000,FB.OQ,B,2,220.43,NSM_demoTrader,2,EQUITY_EXCHANGE,0D00:01:15.460261087,FALSE,
filled,2015.04.20D15:09:02.199420654,HOR_NSM__oid1967898,FB.OQ,S,2,220.44,NSM_trader355,0,EQUITY_EXCHANGE,,FALSE,
filled,2015.04.20D15:09:02.693517642,HOR_NSM__oid1968000,FB.OQ,B,2,220.43,NSM_demoTrader,0,EQUITY_EXCHANGE,,FALSE,
new,2015.04.20D15:09:03.678641724,HOR_NSM__oid1968304,FB.OQ,S,1,220.47,NSM_demoTrader,1,EQUITY_EXCHANGE,0D00:00:01.985124082,TRUE,
new,2015.04.20D15:09:03.833851138,HOR_NSM__oid1968374,FB.OQ,S,2,220.45,NSM_trader358,2,EQUITY_EXCHANGE,,FALSE,
filled,2015.04.20D15:09:04.678641724,HOR_NSM__oid1968304,FB.OQ,S,1,220.47,NSM_demoTrader,0,EQUITY_EXCHANGE,,FALSE,
filled,2015.04.20D15:09:04.833851138,HOR_NSM__oid1968374,FB.OQ,S,2,220.45,NSM_trader358,0,EQUITY_EXCHANGE,,FALSE,
new,2015.04.20D15:09:05.401711485,HOR_NSM__oid1968581,FB.OQ,B,3,220.4,NSM_trader359,3,EQUITY_EXCHANGE,,FALSE,
new,2015.04.20D15:09:06.245845087,HOR_NSM__oid1968712,FB.OQ,B,1,220.45,NSM_trader360,1,EQUITY_EXCHANGE,,FALSE,
filled,2015.04.20D15:09:06.401711485,HOR_NSM__oid1968581,FB.OQ,B,3,220.4,NSM_trader359,0,EQUITY_EXCHANGE,,FALSE,
replaced,2015.04.20D15:09:07.245845087,HOR_NSM__oid1968712,FB.OQ,B,6,220.45,NSM_trader360,6,EQUITY_EXCHANGE,,FALSE,
new,2015.04.20D15:09:07.529927455,HOR_NSM__oid1968799,FB.OQ,S,2,220.48,NSM_trader361,2,EQUITY_EXCHANGE,,FALSE,
partiallyFilled,2015.04.20D15:09:08.245845087,HOR_NSM__oid1968712,FB.OQ,B,6,220.45,NSM_trader360,6,EQUITY_EXCHANGE,,FALSE,
filled,2015.04.20D15:09:08.529927455,HOR_NSM__oid1968799,FB.OQ,S,2,220.48,NSM_trader361,0,EQUITY_EXCHANGE,,FALSE,
filled,2015.04.20D15:09:09.245845087,HOR_NSM__oid1968712,FB.OQ,B,6,220.45,NSM_trader360,0,EQUITY_EXCHANGE,,FALSE,
new,2015.04.20D15:09:12.585044584,HOR_NSM__oid1969594,FB.OQ,S,1,220.45,NSM_trader362,1,EQUITY_EXCHANGE,,FALSE,
filled,2015.04.20D15:09:13.585044584,HOR_NSM__oid1969594,FB.OQ,S,1,220.45,NSM_trader362,0,EQUITY_EXCHANGE,,FALSE,
new,2015.04.20D15:09:14.397201795,HOR_NSM__oid1969882,FB.OQ,B,1,220.37,NSM_trader363,1,EQUITY_EXCHANGE,,FALSE,
new,2015.04.20D15:09:15.073389771,HOR_NSM__oid1970032,FB.OQ,S,1,220.38,NSM_trader364,1,EQUITY_EXCHANGE,,FALSE,
filled,2015.04.20D15:09:15.397201795,HOR_NSM__oid1969882,FB.OQ,B,1,220.37,NSM_trader363,0,EQUITY_EXCHANGE,,FALSE,
new,2015.04.20D15:09:15.417397811,HOR_NSM__oid1970150,FB.OQ,S,1,220.34,NSM_trader365,1,EQUITY_EXCHANGE,,FALSE,
filled,2015.04.20D15:09:16.073389771,HOR_NSM__oid1970032,FB.OQ,S,1,220.38,NSM_trader364,0,EQUITY_EXCHANGE,,FALSE,
filled,2015.04.20D15:09:16.417397811,HOR_NSM__oid1970150,FB.OQ,S,1,220.34,NSM_trader365,0,EQUITY_EXCHANGE,,FALSE,
new,2015.04.20D15:09:18.345588993,HOR_NSM__oid1970774,FB.OQ,B,1,220.3,NSM_trader366,1,EQUITY_EXCHANGE,,FALSE,
filled,2015.04.20D15:09:19.345588993,HOR_NSM__oid1970774,FB.OQ,B,1,220.3,NSM_trader366,0,EQUITY_EXCHANGE,,FALSE,
new,2015.04.20D15:09:20.061693579,HOR_NSM__oid1971027,FB.OQ,S,1,220.3,NSM_trader367,1,EQUITY_EXCHANGE,,FALSE,
new,2015.04.20D15:09:20.717733995,HOR_NSM__oid1971085,FB.OQ,S,5,220.34,NSM_trader368,5,EQUITY_EXCHANGE,,FALSE,
filled,2015.04.20D15:09:21.061693579,HOR_NSM__oid1971027,FB.OQ,S,1,220.3,NSM_trader367,0,EQUITY_EXCHANGE,,FALSE,
filled,2015.04.20D15:09:21.717733995,HOR_NSM__oid1971085,FB.OQ,S,5,220.34,NSM_trader368,0,EQUITY_EXCHANGE,,FALSE,
new,2015.04.20D15:09:22.045855852,HOR_NSM__oid1971271,FB.OQ,B,1,220.27,NSM_trader369,1,EQUITY_EXCHANGE,,FALSE,
filled,2015.04.20D15:09:23.045855852,HOR_NSM__oid1971271,FB.OQ,B,1,220.27,NSM_trader369,0,EQUITY_EXCHANGE,,FALSE,
new,2015.04.20D15:09:24.918011301,HOR_NSM__oid1971889,FB.OQ,S,1,220.32,NSM_trader370,1,EQUITY_EXCHANGE,,FALSE,
filled,2015.04.20D15:09:25.918011301,HOR_NSM__oid1971889,FB.OQ,S,1,220.32,NSM_trader370,0,EQUITY_EXCHANGE,,FALSE,
new,2015.04.20D15:09:26.649152403,HOR_NSM__oid1972015,FB.OQ,B,21,220.25,NSM_trader371,21,EQUITY_EXCHANGE,,FALSE,
new,2015.04.20D15:09:27.354787343,HOR_NSM__oid1972047,FB.OQ,B,1,220.22,NSM_trader372,1,EQUITY_EXCHANGE,,FALSE,
filled,2015.04.20D15:09:27.649152403,HOR_NSM__oid1972015,FB.OQ,B,21,220.25,NSM_trader371,0,EQUITY_EXCHANGE,,FALSE,
filled,2015.04.20D15:09:28.354787343,HOR_NSM__oid1972047,FB.OQ,B,1,220.22,NSM_trader372,0,EQUITY_EXCHANGE,,FALSE,
new,2015.04.20D15:09:31.815498890,HOR_NSM__oid1972584,FB.OQ,S,1,220.24,NSM_trader373,1,EQUITY_EXCHANGE,,FALSE,
filled,2015.04.20D15:09:32.815498890,HOR_NSM__oid1972584,FB.OQ,S,1,220.24,NSM_trader373,0,EQUITY_EXCHANGE,,FALSE,
new,2015.04.20D15:09:37.149417482,HOR_NSM__oid1973479,FB.OQ,S,3,220.24,NSM_trader374,3,EQUITY_EXCHANGE,,FALSE,
filled,2015.04.20D15:09:38.149417482,HOR_NSM__oid1973479,FB.OQ,S,3,220.24,NSM_trader374,0,EQUITY_EXCHANGE,,FALSE,
new,2015.04.20D15:09:38.945960517,HOR_NSM__oid1973757,FB.OQ,S,10,220.26,NSM_trader375,10,EQUITY_EXCHANGE,,FALSE,
replaced,2015.04.20D15:09:39.945960517,HOR_NSM__oid1973757,FB.OQ,S,15,220.26,NSM_trader375,15,EQUITY_EXCHANGE,,FALSE,
replaced,2015.04.20D15:09:40.945960517,HOR_NSM__oid1973757,FB.OQ,S,20,220.26,NSM_trader375,20,EQUITY_EXCHANGE,,FALSE,
filled,2015.04.20D15:09:41.945960517,HOR_NSM__oid1973757,FB.OQ,S,20,220.26,NSM_trader375,0,EQUITY_EXCHANGE,,FALSE,
new,2015.04.20D15:09:42.005744459,HOR_NSM__oid1973996,FB.OQ,B,5,220.21,NSM_trader376,5,EQUITY_EXCHANGE,,FALSE,
new,2015.04.20D15:09:42.178159868,HOR_NSM__oid1974021,FB.OQ,B,1,220.17,NSM_trader377,1,EQUITY_EXCHANGE,,FALSE,
filled,2015.04.20D15:09:43.005744459,HOR_NSM__oid1973996,FB.OQ,B,5,220.21,NSM_trader376,0,EQUITY_EXCHANGE,,FALSE,
filled,2015.04.20D15:09:43.178159868,HOR_NSM__oid1974021,FB.OQ,B,1,220.17,NSM_trader377,0,EQUITY_EXCHANGE,,FALSE,
new,2015.04.20D15:09:44.044554315,HOR_NSM__oid1974274,FB.OQ,S,12,220.21,NSM_trader378,12,EQUITY_EXCHANGE,,FALSE,
filled,2015.04.20D15:09:45.044554315,HOR_NSM__oid1974274,FB.OQ,S,12,220.21,NSM_trader378,0,EQUITY_EXCHANGE,,FALSE,
new,2015.04.20D15:09:50.121123322,HOR_NSM__oid1975040,FB.OQ,B,1,220.17,NSM_trader379,1,EQUITY_EXCHANGE,,FALSE,
filled,2015.04.20D15:09:51.121123322,HOR_NSM__oid1975040,FB.OQ,B,1,220.17,NSM_trader379,0,EQUITY_EXCHANGE,,FALSE,
new,2015.04.20D15:09:51.947414132,HOR_NSM__oid1975453,FB.OQ,S,12,220.21,NSM_trader380,12,EQUITY_EXCHANGE,,FALSE,
new,2015.04.20D15:09:51.947559285,HOR_NSM__oid1975468,FB.OQ,S,2,220.21,NSM_trader381,2,EQUITY_EXCHANGE,,FALSE,
new,2015.04.20D15:09:51.957748594,HOR_NSM__oid1975497,FB.OQ,S,1,220.25,NSM_trader382,1,EQUITY_EXCHANGE,,FALSE,
partiallyFilled,2015.04.20D15:09:52.947414132,HOR_NSM__oid1975453,FB.OQ,S,12,220.21,NSM_trader380,12,EQUITY_EXCHANGE,,FALSE,
filled,2015.04.20D15:09:52.947559285,HOR_NSM__oid1975468,FB.OQ,S,2,220.21,NSM_trader381,0,EQUITY_EXCHANGE,,FALSE,
filled,2015.04.20D15:09:52.957748594,HOR_NSM__oid1975497,FB.OQ,S,1,220.25,NSM_trader382,0,EQUITY_EXCHANGE,,FALSE,
new,2015.04.20D15:09:53.425857942,HOR_NSM__oid1975741,FB.OQ,S,9,220.25,NSM_trader383,9,EQUITY_EXCHANGE,,FALSE,
filled,2015.04.20D15:09:53.947414132,HOR_NSM__oid1975453,FB.OQ,S,12,220.21,NSM_trader380,0,EQUITY_EXCHANGE,,FALSE,
filled,2015.04.20D15:09:54.425857942,HOR_NSM__oid1975741,FB.OQ,S,9,220.25,NSM_trader383,0,EQUITY_EXCHANGE,,FALSE,
new,2015.04.20D15:09:55.437579663,HOR_NSM__oid1976056,FB.OQ,B,1,220.16,NSM_trader384,1,EQUITY_EXCHANGE,,FALSE,
filled,2015.04.20D15:09:56.437579663,HOR_NSM__oid1976056,FB.OQ,B,1,220.16,NSM_trader384,0,EQUITY_EXCHANGE,,FALSE,
new,2015.04.20D15:09:56.709315394,HOR_NSM__oid1976210,FB.OQ,S,1,220.19,NSM_trader385,1,EQUITY_EXCHANGE,,FALSE,
new,2015.04.20D15:09:57.394116314,HOR_NSM__oid1976343,FB.OQ,B,2,220.17,NSM_trader386,2,EQUITY_EXCHANGE,,FALSE,
filled,2015.04.20D15:09:57.709315394,HOR_NSM__oid1976210,FB.OQ,S,1,220.19,NSM_trader385,0,EQUITY_EXCHANGE,,FALSE,
new,2015.04.20D15:09:58.138144396,HOR_NSM__oid1976461,FB.OQ,B,1,220.18,NSM_trader387,1,EQUITY_EXCHANGE,,FALSE,
filled,2015.04.20D15:09:58.394116314,HOR_NSM__oid1976343,FB.OQ,B,2,220.17,NSM_trader386,0,EQUITY_EXCHANGE,,FALSE,
filled,2015.04.20D15:09:59.138144396,HOR_NSM__oid1976461,FB.OQ,B,1,220.18,NSM_trader387,0,EQUITY_EXCHANGE,,FALSE,
new,2015.04.20D15:09:59.646072799,HOR_NSM__oid1976630,FB.OQ,S,3,220.19,NSM_trader388,3,EQUITY_EXCHANGE,,FALSE,
filled,2015.04.20D15:10:00.646072799,HOR_NSM__oid1976630,FB.OQ,S,3,220.19,NSM_trader388,0,EQUITY_EXCHANGE,,FALSE,
new,2015.04.20D15:10:01.113026240,HOR_NSM__oid1976783,FB.OQ,S,6,220.2,NSM_trader389,6,EQUITY_EXCHANGE,,FALSE,
new,2015.04.20D15:10:01.117393625,HOR_NSM__oid1976807,FB.OQ,S,1,220.22,NSM_trader390,1,EQUITY_EXCHANGE,,FALSE,
new,2015.04.20D15:10:01.305394354,HOR_NSM__oid1976846,FB.OQ,S,7,220.23,NSM_trader391,7,EQUITY_EXCHANGE,,FALSE,
new,2015.04.20D15:10:01.313413978,HOR_NSM__oid1976861,FB.OQ,B,1,220.25,NSM_trader392,1,EQUITY_EXCHANGE,,FALSE,
new,2015.04.20D15:10:01.385317445,HOR_NSM__oid1976895,FB.OQ,S,1,220.29,NSM_trader393,1,EQUITY_EXCHANGE,,FALSE,
new,2015.04.20D15:10:01.425412743,HOR_NSM__oid1976913,FB.OQ,S,1,220.3,NSM_trader394,1,EQUITY_EXCHANGE,,FALSE,
filled,2015.04.20D15:10:02.113026240,HOR_NSM__oid1976783,FB.OQ,S,6,220.2,NSM_trader389,0,EQUITY_EXCHANGE,,FALSE,
replaced,2015.04.20D15:10:02.117393625,HOR_NSM__oid1976807,FB.OQ,S,6,220.22,NSM_trader390,6,EQUITY_EXCHANGE,,FALSE,
filled,2015.04.20D15:10:02.305394354,HOR_NSM__oid1976846,FB.OQ,S,7,220.23,NSM_trader391,0,EQUITY_EXCHANGE,,FALSE,
filled,2015.04.20D15:10:02.313413978,HOR_NSM__oid1976861,FB.OQ,B,1,220.25,NSM_trader392,0,EQUITY_EXCHANGE,,FALSE,
filled,2015.04.20D15:10:02.385317445,HOR_NSM__oid1976895,FB.OQ,S,1,220.29,NSM_trader393,0,EQUITY_EXCHANGE,,FALSE,
filled,2015.04.20D15:10:02.425412743,HOR_NSM__oid1976913,FB.OQ,S,1,220.3,NSM_trader394,0,EQUITY_EXCHANGE,,FALSE,
filled,2015.04.20D15:10:03.117393625,HOR_NSM__oid1976807,FB.OQ,S,6,220.22,NSM_trader390,0,EQUITY_EXCHANGE,,FALSE,
new,2015.04.20D15:10:03.221529434,HOR_NSM__oid1977074,FB.OQ,S,2,220.27,NSM_trader395,2,EQUITY_EXCHANGE,,FALSE,
new,2015.04.20D15:10:03.485544878,HOR_NSM__oid1977124,FB.OQ,S,1,220.26,NSM_trader396,1,EQUITY_EXCHANGE,,FALSE,
new,2015.04.20D15:10:03.712914231,HOR_NSM__oid1977169,FB.OQ,B,2,220.2,NSM_trader397,2,EQUITY_EXCHANGE,,FALSE,
new,2015.04.20D15:10:04.017460638,HOR_NSM__oid1977205,FB.OQ,S,2,220.22,NSM_demoTrader,2,EQUITY_EXCHANGE,0D00:01:00.338818914,FALSE,
filled,2015.04.20D15:10:04.221529434,HOR_NSM__oid1977074,FB.OQ,S,2,220.27,NSM_trader395,0,EQUITY_EXCHANGE,,FALSE,
filled,2015.04.20D15:10:04.485544878,HOR_NSM__oid1977124,FB.OQ,S,1,220.26,NSM_trader396,0,EQUITY_EXCHANGE,,FALSE,
new,2015.04.20D15:10:04.677512940,HOR_NSM__oid1977265,FB.OQ,S,2,220.22,NSM_trader399,2,EQUITY_EXCHANGE,,FALSE,
filled,2015.04.20D15:10:04.712914231,HOR_NSM__oid1977169,FB.OQ,B,2,220.2,NSM_trader397,0,EQUITY_EXCHANGE,,FALSE,
filled,2015.04.20D15:10:05.017460638,HOR_NSM__oid1977205,FB.OQ,S,2,220.22,NSM_demoTrader,0,EQUITY_EXCHANGE,,FALSE,
filled,2015.04.20D15:10:05.677512940,HOR_NSM__oid1977265,FB.OQ,S,2,220.22,NSM_trader399,0,EQUITY_EXCHANGE,,FALSE,
new,2015.04.20D15:10:06.937774171,HOR_NSM__oid1977626,FB.OQ,B,1,220.17,NSM_trader400,1,EQUITY_EXCHANGE,,FALSE,
new,2015.04.20D15:10:06.976756195,HOR_NSM__oid1977655,FB.OQ,B,1,220.22,NSM_trader401,1,EQUITY_EXCHANGE,,FALSE,
new,2015.04.20D15:10:07.509809269,HOR_NSM__oid1977727,FB.OQ,B,3,220.24,NSM_trader402,3,EQUITY_EXCHANGE,,FALSE,
filled,2015.04.20D15:10:07.937774171,HOR_NSM__oid1977626,FB.OQ,B,1,220.17,NSM_trader400,0,EQUITY_EXCHANGE,,FALSE,
filled,2015.04.20D15:10:07.976756195,HOR_NSM__oid1977655,FB.OQ,B,1,220.22,NSM_trader401,0,EQUITY_EXCHANGE,,FALSE,
filled,2015.04.20D15:10:08.509809269,HOR_NSM__oid1977727,FB.OQ,B,3,220.24,NSM_trader402,0,EQUITY_EXCHANGE,,FALSE,
new,2015.04.20D15:10:08.729887101,HOR_NSM__oid1977860,FB.OQ,B,1,220.2,NSM_trader403,1,EQUITY_EXCHANGE,,FALSE,
new,2015.04.20D15:10:09.405921116,HOR_NSM__oid1977947,FB.OQ,S,3,220.26,NSM_trader404,3,EQUITY_EXCHANGE,,FALSE,
filled,2015.04.20D15:10:09.729887101,HOR_NSM__oid1977860,FB.OQ,B,1,220.2,NSM_trader403,0,EQUITY_EXCHANGE,,FALSE,
