eventType,eventTimestamp,orderID,instrumentID,side,quantity,price,trader,leavesQuantity,assetClass
new,2015.05.01D21:30:29.290000000,BAS_OrderID101,BAS1,B,100,1,FDUUID,100,COMM_EXCH
new,2015.05.01D21:31:29.290000000,BAS_OrderID102,BAS1,B,100,1.01,FDUUID,100,COMM_EXCH
new,2015.05.01D21:32:30.300000000,BAS_OrderID103,BAS1,B,100,1.02,FDUUID,100,COMM_EXCH
new,2015.05.01D21:33:30.300000000,BAS_OrderID104,BAS1,B,100,1.03,FDUUID,100,COMM_EXCH
new,2015.05.01D21:34:31.310000000,BAS_OrderID105,BAS1,B,100,1.04,FDUUID,100,COMM_EXCH
new,2015.05.01D21:35:00.000000000,BAS_OrderID_Internal1_B,BAS1,B,10,1.05,FDUUID,10,COMM_EXCH
new,2015.05.01D21:35:00.000000000,BAS_OrderID_Internal1_B,BAS1,B,10,1.05,FDUUID,10,COMM_EXCH
new,2015.05.01D21:35:00.000000000,BAS_OrderID_Internal1_S,BAS1,S,10,1.05,FDUUID,10,COMM_EXCH
new,2015.05.01D21:35:00.000000000,BAS_OrderID_Internal1_S,BAS1,S,10,1.05,FDUUID,10,COMM_EXCH
new,2015.05.01D21:35:31.310000000,BAS_OrderID106,BAS1,S,15,1.05,FDUUID,15,COMM_EXCH
new,2015.05.01D21:36:33.330000000,BAS_OrderID107,BAS1,S,20,1.06,FDUUID,20,COMM_EXCH
new,2015.05.01D21:37:34.340000000,BAS_OrderID108,BAS1,S,25,1.07,FDUUID,25,COMM_EXCH
filled,2015.05.01D21:38:00.000000000,BAS_OrderID_Internal1_B,BAS1,B,10,1.05,FDUUID,0,COMM_EXCH
filled,2015.05.01D21:38:00.000000000,BAS_OrderID_Internal1_S,BAS1,S,10,1.05,FDUUID,0,COMM_EXCH
partiallyFilled,2015.05.01D21:38:15.000000000,BAS_OrderID105,BAS1,B,100,1.04,FDUUID,75,COMM_EXCH
filled,2015.05.01D21:38:35.350000000,BAS_OrderID106,BAS1,S,15,1.05,FDUUID,0,COMM_EXCH
filled,2015.05.01D21:39:36.360000000,BAS_OrderID107,BAS1,S,20,1.06,FDUUID,0,COMM_EXCH
cancelled,2015.05.01D21:41:38.380000000,BAS_OrderID102,BAS1,B,100,1.01,FDUUID,100,COMM_EXCH
cancelled,2015.05.01D21:42:39.390000000,BAS_OrderID103,BAS1,B,100,1.02,FDUUID,100,COMM_EXCH
cancelled,2015.05.01D21:43:40.400000000,BAS_OrderID104,BAS1,B,100,1.03,FDUUID,100,COMM_EXCH
cancelled,2015.05.01D21:44:41.410000000,BAS_OrderID105,BAS1,B,100,1.04,FDUUID,75,COMM_EXCH
cancelled,2015.05.01D23:59:59.000000000,BAS_OrderID101,BAS1,B,100,1,FDUUID,100,COMM_EXCH
cancelled,2015.05.01D23:59:59.000000000,BAS_OrderID108,BAS1,S,25,1.07,FDUUID,25,COMM_EXCH
new,2015.05.01D21:30:29.290000000,BAS_OrderID201,BAS2,B,100,1,FDUUID,100,COMM_EXCH
new,2015.05.01D21:31:29.290000000,BAS_OrderID202,BAS2,B,100,1.01,FDUUID,100,COMM_EXCH
new,2015.05.01D21:32:30.300000000,BAS_OrderID203,BAS2,B,100,1.02,FDUUID,100,COMM_EXCH
new,2015.05.01D21:33:30.300000000,BAS_OrderID204,BAS2,B,100,1.03,FDUUID,100,COMM_EXCH
new,2015.05.01D21:34:31.310000000,BAS_OrderID205,BAS2,B,100,1.04,FDUUID,100,COMM_EXCH
new,2015.05.01D21:35:00.000000000,BAS_OrderID_Internal2_B,BAS2,B,10,1.05,FDUUID,10,COMM_EXCH
new,2015.05.01D21:35:00.000000000,BAS_OrderID_Internal2_B,BAS2,B,10,1.05,FDUUID,10,COMM_EXCH
new,2015.05.01D21:35:00.000000000,BAS_OrderID_Internal2_S,BAS2,S,10,1.05,FDUUID,10,COMM_EXCH
new,2015.05.01D21:35:00.000000000,BAS_OrderID_Internal2_S,BAS2,S,10,1.05,FDUUID,10,COMM_EXCH
new,2015.05.01D21:35:31.310000000,BAS_OrderID206,BAS2,S,15,1.05,FDUUID,15,COMM_EXCH
new,2015.05.01D21:36:33.330000000,BAS_OrderID207,BAS2,S,20,1.06,FDUUID,20,COMM_EXCH
new,2015.05.01D21:37:34.340000000,BAS_OrderID208,BAS2,S,25,1.07,FDUUID,25,COMM_EXCH
filled,2015.05.01D21:38:00.000000000,BAS_OrderID_Internal2_B,BAS2,B,10,1.05,FDUUID,0,COMM_EXCH
filled,2015.05.01D21:38:00.000000000,BAS_OrderID_Internal2_S,BAS2,S,10,1.05,FDUUID,0,COMM_EXCH
partiallyFilled,2015.05.01D21:38:15.000000000,BAS_OrderID205,BAS2,B,100,1.06,FDUUID,75,COMM_EXCH
filled,2015.05.01D21:38:35.350000000,BAS_OrderID206,BAS2,S,15,1.05,FDUUID,0,COMM_EXCH
filled,2015.05.01D21:39:36.360000000,BAS_OrderID207,BAS2,S,20,1.06,FDUUID,0,COMM_EXCH
cancelled,2015.05.01D21:41:38.380000000,BAS_OrderID202,BAS2,B,100,1.01,FDUUID,100,COMM_EXCH
cancelled,2015.05.01D21:42:39.390000000,BAS_OrderID203,BAS2,B,100,1.02,FDUUID,100,COMM_EXCH
cancelled,2015.05.01D21:43:40.400000000,BAS_OrderID204,BAS2,B,100,1.03,FDUUID,100,COMM_EXCH
cancelled,2015.05.01D21:44:41.410000000,BAS_OrderID205,BAS2,B,100,1.04,FDUUID,75,COMM_EXCH
cancelled,2015.05.01D23:59:59.000000000,BAS_OrderID201,BAS2,B,100,1,FDUUID,100,COMM_EXCH
cancelled,2015.05.01D23:59:59.000000000,BAS_OrderID208,BAS2,S,25,1.07,FDUUID,25,COMM_EXCH
new,2015.05.01D21:30:29.290000000,BAS/1000011,BHP,B,100,1,REF_FDTRADER2,100,RATES_EXCH
new,2015.05.01D21:31:29.290000000,BAS/1000012,BHP,B,100,1.01,REF_FDTRADER2,100,RATES_EXCH
new,2015.05.01D21:32:30.300000000,BAS/1000013,BHP,B,100,1.02,REF_FDTRADER2,100,RATES_EXCH
new,2015.05.01D21:33:30.300000000,BAS/1000014,BHP,B,100,1.03,REF_FDTRADER2,100,RATES_EXCH
new,2015.05.01D21:34:31.310000000,BAS/1000015,BHP,B,100,1.04,REF_FDTRADER2,100,RATES_EXCH
new,2015.05.01D21:35:31.310000000,BAS/1000016,BHP,S,15,1.06,REF_FDTRADER2,15,RATES_EXCH
new,2015.05.01D21:36:33.330000000,BAS/1000017,BHP,S,20,1.06,REF_FDTRADER2,20,RATES_EXCH
new,2015.05.01D21:37:34.340000000,BAS/1000018,BHP,S,25,1.07,REF_FDTRADER2,25,RATES_EXCH
filled,2015.05.01D21:38:35.350000000,BAS/1000016,BHP,S,15,1.06,REF_FDTRADER2,0,RATES_EXCH
filled,2015.05.01D21:39:36.360000000,BAS/1000017,BHP,S,20,1.06,REF_FDTRADER2,0,RATES_EXCH
cancelled,2015.05.01D21:41:38.380000000,BAS/1000012,BHP,B,100,1.11,REF_FDTRADER2,100,RATES_EXCH
cancelled,2015.05.01D21:42:39.390000000,BAS/1000013,BHP,B,100,1.12,REF_FDTRADER2,100,RATES_EXCH
cancelled,2015.05.01D21:43:40.400000000,BAS/1000014,BHP,B,100,1.13,REF_FDTRADER2,100,RATES_EXCH
cancelled,2015.05.01D21:44:41.410000000,BAS/1000015,BHP,B,100,1.14,REF_FDTRADER2,100,RATES_EXCH
cancelled,2015.05.01D23:59:59.000000000,BAS/1000011,BHP,B,100,1,REF_FDTRADER2,100,RATES_EXCH
cancelled,2015.05.01D23:59:59.000000000,BAS/1000018,BHP,S,25,1.07,REF_FDTRADER2,25,RATES_EXCH
new,2015.05.01D20:30:29.002000000,BAS/1000001,SUBID1,B,100,1,REF_FDTRADER1,100,COMM_EXCH
new,2015.05.01D20:31:29.003000000,BAS/1000002,SUBID1,B,100,1.01,REF_FDTRADER1,100,COMM_EXCH
new,2015.05.01D20:32:30.002000000,BAS/1000003,SUBID1,B,100,1.02,REF_FDTRADER1,100,COMM_EXCH
new,2015.05.01D20:33:30.003000000,BAS/1000004,SUBID1,B,100,1.03,REF_FDTRADER1,100,COMM_EXCH
new,2015.05.01D20:34:31.002000000,BAS/1000005,SUBID1,B,100,1.04,REF_FDTRADER1,100,COMM_EXCH
new,2015.05.01D20:35:31.002000000,BAS/1000006,SUBID1,S,15,1.06,REF_FDTRADER1,15,COMM_EXCH
new,2015.05.01D20:36:33.002000000,BAS/1000007,SUBID1,S,20,1.06,REF_FDTRADER1,20,COMM_EXCH
new,2015.05.01D20:37:34.002000000,BAS/1000008,SUBID1,S,25,1.07,REF_FDTRADER1,25,COMM_EXCH
filled,2015.05.01D20:38:35.002000000,BAS/1000006,SUBID1,S,15,1.06,REF_FDTRADER1,0,COMM_EXCH
filled,2015.05.01D20:39:36.002000000,BAS/1000007,SUBID1,S,20,1.06,REF_FDTRADER1,0,COMM_EXCH
cancelled,2015.05.01D20:41:38.002000000,BAS/1000002,SUBID1,B,100,1.11,REF_FDTRADER1,100,COMM_EXCH
cancelled,2015.05.01D20:42:39.002000000,BAS/1000003,SUBID1,B,100,1.12,REF_FDTRADER1,100,COMM_EXCH
cancelled,2015.05.01D20:43:40.002000000,BAS/1000004,SUBID1,B,100,1.13,REF_FDTRADER1,100,COMM_EXCH
cancelled,2015.05.01D20:44:41.002000000,BAS/1000005,SUBID1,B,100,1.14,REF_FDTRADER1,100,COMM_EXCH
cancelled,2015.05.01D23:59:59.000000000,BAS/1000001,SUBID1,B,100,1,REF_FDTRADER1,100,COMM_EXCH
cancelled,2015.05.01D23:59:59.000000000,BAS/1000008,SUBID1,S,25,1.07,REF_FDTRADER1,25,COMM_EXCH
new,2015.05.01D15:00:01.000000000,BAS_S2_OrderID1B,bsSym2,B,100,5.0001,bsTrader2,100,COMM_EXCH
new,2015.05.01D15:00:01.000000000,BAS_S2_OrderID1S,bsSym2,S,120,5.0005,bsTrader2,120,COMM_EXCH
new,2015.05.01D15:00:01.000000000,BAS_S2_OrderIDOther,bsSym2,B,100,5.0005,otherTDR,100,COMM_EXCH
new,2015.05.01D15:00:02.000000000,BAS_S2_OrderID2,bsSym2,B,150,5.0007,bsTrader2,150,COMM_EXCH
new,2015.05.01D15:00:03.000000000,BAS_S2_OrderID3,bsSym2,B,200,5.0008,bsTrader2,200,COMM_EXCH
new,2015.05.01D15:00:04.000000000,BAS_S2_OrderID4,bsSym2,B,250,5.0009,bsTrader2,250,COMM_EXCH
new,2015.05.01D15:00:05.000000000,BAS_S2_OrderID5,bsSym2,B,300,5.0011,bsTrader2,300,COMM_EXCH
new,2015.05.01D15:00:06.000000000,BAS_S2_OrderID6,bsSym2,B,350,5.0012,bsTrader2,350,COMM_EXCH
new,2015.05.01D15:00:07.000000000,BAS_S2_OrderID7,bsSym2,B,400,5.0013,bsTrader2,400,COMM_EXCH
new,2015.05.01D15:00:08.000000000,BAS_S2_OrderID8,bsSym2,B,100,5.0001,bsTrader2,100,COMM_EXCH
new,2015.05.01D15:00:09.000000000,BAS_S2_OrderID9,bsSym2,B,100,5.0001,bsTrader2,100,COMM_EXCH
new,2015.05.01D15:00:10.000000000,BAS_S2_OrderID10,bsSym2,B,100,5.0001,bsTrader2,100,COMM_EXCH
cancelled,2015.05.01D15:00:11.000000000,BAS_S2_OrderID1B,bsSym2,B,100,5.0001,bsTrader2,100,COMM_EXCH
cancelled,2015.05.01D15:00:12.000000000,BAS_S2_OrderID2,bsSym2,B,150,5.0007,bsTrader2,150,COMM_EXCH
cancelled,2015.05.01D15:00:13.000000000,BAS_S2_OrderID3,bsSym2,B,200,5.0008,bsTrader2,200,COMM_EXCH
cancelled,2015.05.01D15:00:14.000000000,BAS_S2_OrderID4,bsSym2,B,250,5.0009,bsTrader2,250,COMM_EXCH
cancelled,2015.05.01D15:00:15.000000000,BAS_S2_OrderID5,bsSym2,B,300,5.0011,bsTrader2,300,COMM_EXCH
cancelled,2015.05.01D15:00:16.000000000,BAS_S2_OrderID6,bsSym2,B,350,5.0012,bsTrader2,350,COMM_EXCH
new,2015.05.01D15:00:01.000000000,BAS_S3_OrderID1B,bsSym3,B,100,5.0001,bsTrader3,100,COMM_EXCH
new,2015.05.01D15:00:01.000000000,BAS_S3_OrderID1S,bsSym3,S,120,5.0005,bsTrader3,120,COMM_EXCH
new,2015.05.01D15:00:01.000000000,BAS_S3_OrderID4S,bsSym3,S,120,5.0005,bsTrader3,120,COMM_EXCH
new,2015.05.01D15:00:02.000000000,BAS_S3_OrderID2,bsSym3,B,150,5.0007,bsTrader3,150,COMM_EXCH
new,2015.05.01D15:00:03.000000000,BAS_S3_OrderID3,bsSym3,B,200,5.0008,bsTrader3,200,COMM_EXCH
new,2015.05.01D15:00:04.000000000,BAS_S3_OrderID4,bsSym3,B,250,5.0009,bsTrader3,250,COMM_EXCH
new,2015.05.01D15:00:05.000000000,BAS_S3_OrderID5,bsSym3,B,300,5.0011,bsTrader3,300,COMM_EXCH
new,2015.05.01D15:00:06.000000000,BAS_S3_OrderID6,bsSym3,B,350,5.0012,bsTrader3,350,COMM_EXCH
new,2015.05.01D15:00:07.000000000,BAS_S3_OrderID7,bsSym3,B,400,5.0013,bsTrader3,400,COMM_EXCH
new,2015.05.01D15:00:08.000000000,BAS_S3_OrderID8,bsSym3,B,100,5.0001,bsTrader3,100,COMM_EXCH
new,2015.05.01D15:00:09.000000000,BAS_S3_OrderID9,bsSym3,B,100,5.0001,bsTrader3,100,COMM_EXCH
new,2015.05.01D15:00:10.000000000,BAS_S3_OrderID10,bsSym3,B,100,5.0002,bsTrader3,100,COMM_EXCH
new,2015.05.01D15:00:11.000000000,BAS_S3_OrderID11,bsSym3,B,100,5.0003,bsTrader3,100,COMM_EXCH
filled,2015.05.01D15:00:11.000000000,BAS_S3_OrderID11,bsSym3,B,100,5.0003,bsTrader3,0,COMM_EXCH
filled,2015.05.01D15:00:12.000000000,BAS_S3_OrderID10,bsSym3,B,100,5.0002,bsTrader3,0,COMM_EXCH
filled,2015.05.01D15:00:13.000000000,BAS_S3_OrderID9,bsSym3,B,100,5.0001,bsTrader3,0,COMM_EXCH
filled,2015.05.01D15:00:14.000000000,BAS_S3_OrderID8,bsSym3,B,100,5.0001,bsTrader3,0,COMM_EXCH
filled,2015.05.01D15:00:15.000000000,BAS_S3_OrderID7,bsSym3,B,400,5.0013,bsTrader3,0,COMM_EXCH
new,2015.05.01D15:00:16.000000000,BAS_S3_OrderID12,bsSym3,B,400,5.0013,bsTrader3,400,COMM_EXCH
new,2015.05.01D15:00:17.000000000,BAS_S3_OrderID13,bsSym3,B,100,5.0001,bsTrader3,100,COMM_EXCH
new,2015.05.01D15:00:18.000000000,BAS_S3_OrderID14,bsSym3,B,100,5.0001,bsTrader3,100,COMM_EXCH
new,2015.05.01D15:00:19.000000000,BAS_S3_OrderID15,bsSym3,B,100,5.0002,bsTrader3,100,COMM_EXCH
new,2015.05.01D15:00:20.000000000,BAS_S3_OrderID16,bsSym3,B,100,5.0003,bsTrader3,100,COMM_EXCH
cancelled,2015.05.01D15:00:21.000000000,BAS_S1_OrderID1B,bsSym3,B,100,5.0001,bsTrader3,100,COMM_EXCH
cancelled,2015.05.01D15:00:22.000000000,BAS_S3_OrderID2,bsSym3,B,150,5.0007,bsTrader3,150,COMM_EXCH
cancelled,2015.05.01D15:00:23.000000000,BAS_S3_OrderID3,bsSym3,B,200,5.0008,bsTrader3,200,COMM_EXCH
cancelled,2015.05.01D15:00:24.000000000,BAS_S3_OrderID4,bsSym3,B,250,5.0009,bsTrader3,250,COMM_EXCH
cancelled,2015.05.01D15:00:25.000000000,BAS_S3_OrderID5,bsSym3,B,300,5.0011,bsTrader3,300,COMM_EXCH
cancelled,2015.05.01D15:00:26.000000000,BAS_S3_OrderID6,bsSym3,B,350,5.0012,bsTrader3,350,COMM_EXCH
new,2015.05.01D16:00:01.000000000,BAS_S4_OrderID1,bsSym4,S,100,5.9999,bsTrader4,100,COMM_EXCH
new,2015.05.01D16:00:01.000000000,BAS_S4_OrderID1B,bsSym4,B,100,6.0001,bsTrader4,100,COMM_EXCH
new,2015.05.01D16:00:01.000000000,BAS_S4_OrderID1Bb,bsSym4,B,100,6.0001,bsTrader4,100,COMM_EXCH
new,2015.05.01D16:00:01.000000000,BAS_S4_OrderID1O,bsSym4,B,100,6.0002,otherTDR,100,COMM_EXCH
new,2015.05.01D16:00:02.000000000,BAS_S4_OrderID2,bsSym4,S,110,5.9999,bsTrader4,110,COMM_EXCH
new,2015.05.01D16:00:02.000000000,BAS_S4_OrderID2B,bsSym4,B,100,6.0001,bsTrader4,100,COMM_EXCH
new,2015.05.01D16:00:03.000000000,BAS_S4_OrderID3,bsSym4,S,120,5.9999,bsTrader4,120,COMM_EXCH
new,2015.05.01D16:00:04.000000000,BAS_S4_OrderID4,bsSym4,S,130,5.9999,bsTrader4,130,COMM_EXCH
new,2015.05.01D16:00:05.000000000,BAS_S4_OrderID5,bsSym4,S,140,5.9999,bsTrader4,140,COMM_EXCH
new,2015.05.01D16:00:06.000000000,BAS_S4_OrderID6,bsSym4,S,150,5.9999,bsTrader4,150,COMM_EXCH
new,2015.05.01D16:00:07.000000000,BAS_S4_OrderID7,bsSym4,S,160,5.9999,bsTrader4,160,COMM_EXCH
new,2015.05.01D16:00:08.000000000,BAS_S4_OrderID8,bsSym4,S,170,5.9999,bsTrader4,170,COMM_EXCH
new,2015.05.01D16:00:09.000000000,BAS_S4_OrderID9,bsSym4,S,180,5.9998,bsTrader4,180,COMM_EXCH
new,2015.05.01D16:00:10.000000000,BAS_S4_OrderID10,bsSym4,S,190,5.9997,bsTrader4,190,COMM_EXCH
cancelled,2015.05.01D16:00:11.000000000,BAS_S4_OrderID1,bsSym4,S,100,5.9999,bsTrader4,100,COMM_EXCH
cancelled,2015.05.01D16:00:12.000000000,BAS_S4_OrderID2,bsSym4,S,110,5.9999,bsTrader4,110,COMM_EXCH
cancelled,2015.05.01D16:00:13.000000000,BAS_S4_OrderID3,bsSym4,S,120,5.9999,bsTrader4,120,COMM_EXCH
cancelled,2015.05.01D16:00:14.000000000,BAS_S4_OrderID4,bsSym4,S,130,5.9999,bsTrader4,130,COMM_EXCH
cancelled,2015.05.01D16:00:15.000000000,BAS_S4_OrderID5,bsSym4,S,140,5.9999,bsTrader4,140,COMM_EXCH
cancelled,2015.05.01D16:00:16.000000000,BAS_S4_OrderID6,bsSym4,S,150,5.9999,bsTrader4,150,COMM_EXCH
cancelled,2015.05.01D16:00:17.000000000,BAS_S4_OrderID7,bsSym4,S,160,5.9999,bsTrader4,160,COMM_EXCH
cancelled,2015.05.01D16:00:18.000000000,BAS_S4_OrderID8,bsSym4,S,170,5.9999,bsTrader4,170,COMM_EXCH
cancelled,2015.05.01D16:00:19.000000000,BAS_S4_OrderID9,bsSym4,S,180,5.9998,bsTrader4,180,COMM_EXCH
cancelled,2015.05.01D16:00:20.000000000,BAS_S4_OrderID10,bsSym4,S,190,5.9997,bsTrader4,190,COMM_EXCH
new,2015.05.01D16:00:01.000000000,BAS_S5_OrderID1,bsSym5,S,100,5.9999,bsTrader5,100,COMM_EXCH
new,2015.05.01D16:00:01.000000000,BAS_S5_OrderID1B,bsSym5,B,100,6.0001,bsTrader5,100,COMM_EXCH
new,2015.05.01D16:00:01.000000000,BAS_S5_OrderID1Bb,bsSym5,B,100,6.0001,bsTrader5,100,COMM_EXCH
new,2015.05.01D16:00:01.000000000,BAS_S5_OrderID1O,bsSym5,B,100,6.0002,otherTDR,100,COMM_EXCH
new,2015.05.01D16:00:02.000000000,BAS_S5_OrderID2,bsSym5,S,110,5.9999,bsTrader5,110,COMM_EXCH
new,2015.05.01D16:00:02.000000000,BAS_S5_OrderID2B,bsSym5,B,100,6.0001,bsTrader5,100,COMM_EXCH
new,2015.05.01D16:00:03.000000000,BAS_S5_OrderID3,bsSym5,S,120,5.9999,bsTrader5,120,COMM_EXCH
new,2015.05.01D16:00:04.000000000,BAS_S5_OrderID4,bsSym5,S,130,5.9999,bsTrader5,130,COMM_EXCH
new,2015.05.01D16:00:05.000000000,BAS_S5_OrderID5,bsSym5,S,140,5.9999,bsTrader5,140,COMM_EXCH
new,2015.05.01D16:00:06.000000000,BAS_S5_OrderID6,bsSym5,S,150,5.9999,bsTrader5,150,COMM_EXCH
new,2015.05.01D16:00:07.000000000,BAS_S5_OrderID7,bsSym5,S,160,5.9999,bsTrader5,160,COMM_EXCH
new,2015.05.01D16:00:08.000000000,BAS_S5_OrderID8,bsSym5,S,170,5.9999,bsTrader5,170,COMM_EXCH
new,2015.05.01D16:00:09.000000000,BAS_S5_OrderID9,bsSym5,S,180,5.9998,bsTrader5,180,COMM_EXCH
new,2015.05.01D16:00:10.000000000,BAS_S5_OrderID10,bsSym5,S,190,5.9997,bsTrader5,190,COMM_EXCH
cancelled,2015.05.01D16:00:11.000000000,BAS_S5_OrderID1,bsSym5,S,100,5.9999,bsTrader5,100,COMM_EXCH
cancelled,2015.05.01D16:00:12.000000000,BAS_S5_OrderID2,bsSym5,S,110,5.9999,bsTrader5,110,COMM_EXCH
filled,2015.05.01D16:00:13.000000000,BAS_S5_OrderID1B,bsSym5,B,100,6.0001,bsTrader5,0,COMM_EXCH
filled,2015.05.01D16:00:13.000000000,BAS_S5_OrderID1O,bsSym5,B,100,6.0002,otherTDR,0,COMM_EXCH
cancelled,2015.05.01D16:00:13.000000000,BAS_S5_OrderID3,bsSym5,S,120,5.9999,bsTrader5,120,COMM_EXCH
filled,2015.05.01D16:00:14.000000000,BAS_S5_OrderID1Bb,bsSym5,B,100,6.0001,bsTrader5,0,COMM_EXCH
filled,2015.05.01D16:00:14.000000000,BAS_S5_OrderID2B,bsSym5,B,100,6.0001,bsTrader5,0,COMM_EXCH
cancelled,2015.05.01D16:00:14.000000000,BAS_S5_OrderID4,bsSym5,S,130,5.9999,bsTrader5,130,COMM_EXCH
new,2015.05.01D16:00:14.002000000,BAS_S5_OrderID11,bsSym5,B,99,5.9997,bsTrader5,99,COMM_EXCH
filled,2015.05.01D16:00:14.002000000,BAS_S5_OrderID11,bsSym5,B,99,5.9997,bsTrader5,0,COMM_EXCH
filled,2015.05.01D16:00:14.004000000,BAS_S5_OrderID5,bsSym5,S,140,5.9999,bsTrader5,0,COMM_EXCH
new,2015.05.01D16:00:16.000000000,BAS_S5_OrderID12,bsSym5,B,198,5.9997,bsTrader5,198,COMM_EXCH
filled,2015.05.01D16:00:16.000000000,BAS_S5_OrderID12,bsSym5,B,198,5.9997,bsTrader5,0,COMM_EXCH
new,2015.05.01D16:00:17.000000000,BAS_S5_OrderID13,bsSym5,B,99,5.9997,bsTrader5,99,COMM_EXCH
filled,2015.05.01D16:00:17.000000000,BAS_S5_OrderID13,bsSym5,B,99,5.9997,bsTrader5,0,COMM_EXCH
new,2015.05.01D16:00:18.000000000,BAS_S5_OrderID14,bsSym5,B,198,5.9998,bsTrader5,198,COMM_EXCH
filled,2015.05.01D16:00:18.000000000,BAS_S5_OrderID14,bsSym5,B,198,5.9998,bsTrader5,0,COMM_EXCH
new,2015.05.01D16:00:19.000000000,BAS_S5_OrderID15,bsSym5,B,99,5.9998,bsTrader5,99,COMM_EXCH
filled,2015.05.01D16:00:19.000000000,BAS_S5_OrderID15,bsSym5,B,99,5.9998,bsTrader5,0,COMM_EXCH
filled,2015.05.01D16:00:19.000000000,BAS_S5_OrderID6,bsSym5,S,150,5.9999,bsTrader5,0,COMM_EXCH
new,2015.05.01D09:30:29.290000000,BAS_S6_OrderID1,bsSym6,B,100,1,REF_FDTRADER2,100,RATES_EXCH
new,2015.05.01D09:31:29.290000000,BAS_S6_OrderID2,bsSym6,B,100,1.01,REF_FDTRADER2,100,RATES_EXCH
new,2015.05.01D09:32:30.300000000,BAS_S6_OrderID3,bsSym6,B,100,1.02,REF_FDTRADER2,100,RATES_EXCH
new,2015.05.01D09:33:30.300000000,BAS_S6_OrderID4,bsSym6,B,100,1.03,REF_FDTRADER2,100,RATES_EXCH
new,2015.05.01D09:34:31.310000000,BAS_S6_OrderID5,bsSym6,B,100,1.04,REF_FDTRADER2,100,RATES_EXCH
new,2015.05.01D09:35:31.310000000,BAS_S6_OrderID6,bsSym6,S,15,1.06,REF_FDTRADER2,15,RATES_EXCH
new,2015.05.01D09:36:33.330000000,BAS_S6_OrderID7,bsSym6,S,20,1.06,REF_FDTRADER2,20,RATES_EXCH
new,2015.05.01D09:37:34.340000000,BAS_S6_OrderID8,bsSym6,S,25,1.07,REF_FDTRADER2,25,RATES_EXCH
filled,2015.05.01D09:38:35.350000000,BAS_S6_OrderID6,bsSym6,S,15,1.06,REF_FDTRADER2,0,RATES_EXCH
filled,2015.05.01D09:39:36.360000000,BAS_S6_OrderID7,bsSym6,S,20,1.06,REF_FDTRADER2,0,RATES_EXCH
cancelled,2015.05.01D09:41:38.380000000,BAS_S6_OrderID2,bsSym6,B,100,1.11,REF_FDTRADER2,100,RATES_EXCH
cancelled,2015.05.01D09:42:39.390000000,BAS_S6_OrderID3,bsSym6,B,100,1.12,REF_FDTRADER2,100,RATES_EXCH
cancelled,2015.05.01D09:43:40.400000000,BAS_S6_OrderID4,bsSym6,B,100,1.13,REF_FDTRADER2,100,RATES_EXCH
cancelled,2015.05.01D09:54:41.410000000,BAS_S6_OrderID5,bsSym6,B,100,1.14,REF_FDTRADER2,100,RATES_EXCH
cancelled,2015.05.01D23:59:59.000000000,BAS_S6_OrderID1,bsSym6,B,100,1,REF_FDTRADER2,100,RATES_EXCH
cancelled,2015.05.01D23:59:59.000000000,BAS_S6_OrderID8,bsSym6,S,25,1.07,REF_FDTRADER2,25,RATES_EXCH
new,2015.05.01D21:30:29.290000000,BAS_S7_OrderID1,bsSym7,B,100,1,REF_FDTRADER2,100,RATES_EXCH
replaced,2015.05.01D21:30:29.290000000,BAS_S7_OrderID1,bsSym7,B,100,1,REF_FDTRADER2,100,RATES_EXCH
new,2015.05.01D21:31:29.290000000,BAS_S7_OrderID2,bsSym7,B,100,1.01,REF_FDTRADER2,100,RATES_EXCH
replaced,2015.05.01D21:31:29.290000000,BAS_S7_OrderID2,bsSym7,B,100,1.015,REF_FDTRADER2,100,RATES_EXCH
replaced,2015.05.01D21:31:29.290000000,BAS_S7_OrderID2,bsSym7,B,100,1.01,REF_FDTRADER2,100,RATES_EXCH
new,2015.05.01D21:32:30.300000000,BAS_S7_OrderID3,bsSym7,B,100,1.02,REF_FDTRADER2,100,RATES_EXCH
replaced,2015.05.01D21:32:30.300000000,BAS_S7_OrderID3,bsSym7,B,100,1.022,REF_FDTRADER2,100,RATES_EXCH
replaced,2015.05.01D21:32:30.300000000,BAS_S7_OrderID3,bsSym7,B,100,1.026,REF_FDTRADER2,100,RATES_EXCH
replaced,2015.05.01D21:32:30.300000000,BAS_S7_OrderID3,bsSym7,B,100,1.028,REF_FDTRADER2,100,RATES_EXCH
new,2015.05.01D21:33:30.300000000,BAS_S7_OrderID4,bsSym7,B,100,1.03,REF_FDTRADER2,100,RATES_EXCH
replaced,2015.05.01D21:33:30.300000000,BAS_S7_OrderID4,bsSym7,B,100,1.032,REF_FDTRADER2,100,RATES_EXCH
replaced,2015.05.01D21:33:30.300000000,BAS_S7_OrderID4,bsSym7,B,100,1.034,REF_FDTRADER2,100,RATES_EXCH
replaced,2015.05.01D21:33:30.300000000,BAS_S7_OrderID4,bsSym7,B,100,1.036,REF_FDTRADER2,100,RATES_EXCH
replaced,2015.05.01D21:33:30.300000000,BAS_S7_OrderID4,bsSym7,B,100,1.038,REF_FDTRADER2,100,RATES_EXCH
new,2015.05.01D21:34:31.310000000,BAS_S7_OrderID5,bsSym7,B,100,1.04,REF_FDTRADER2,100,RATES_EXCH
replaced,2015.05.01D21:34:31.310000000,BAS_S7_OrderID5,bsSym7,B,100,1.041,REF_FDTRADER2,100,RATES_EXCH
replaced,2015.05.01D21:34:31.310000000,BAS_S7_OrderID5,bsSym7,B,100,1.042,REF_FDTRADER2,100,RATES_EXCH
replaced,2015.05.01D21:34:31.310000000,BAS_S7_OrderID5,bsSym7,B,100,1.047,REF_FDTRADER2,100,RATES_EXCH
replaced,2015.05.01D21:34:31.310000000,BAS_S7_OrderID5,bsSym7,B,100,1.048,REF_FDTRADER2,100,RATES_EXCH
replaced,2015.05.01D21:34:31.310000000,BAS_S7_OrderID5,bsSym7,B,100,1.049,REF_FDTRADER2,100,RATES_EXCH
new,2015.05.01D21:35:31.310000000,BAS_S7_OrderID6,bsSym7,S,15,1.06,REF_FDTRADER2,15,RATES_EXCH
new,2015.05.01D21:36:33.330000000,BAS_S7_OrderID7,bsSym7,S,20,1.06,REF_FDTRADER2,20,RATES_EXCH
new,2015.05.01D21:37:34.340000000,BAS_S7_OrderID8,bsSym7,S,25,1.07,REF_FDTRADER2,25,RATES_EXCH
filled,2015.05.01D21:38:35.350000000,BAS_S7_OrderID6,bsSym7,S,15,1.06,REF_FDTRADER2,0,RATES_EXCH
filled,2015.05.01D21:39:36.360000000,BAS_S7_OrderID7,bsSym7,S,20,1.06,REF_FDTRADER2,0,RATES_EXCH
cancelled,2015.05.01D21:41:38.380000000,BAS_S7_OrderID2,bsSym7,B,100,1.11,REF_FDTRADER2,100,RATES_EXCH
cancelled,2015.05.01D21:42:39.390000000,BAS_S7_OrderID3,bsSym7,B,100,1.12,REF_FDTRADER2,100,RATES_EXCH
cancelled,2015.05.01D21:43:40.400000000,BAS_S7_OrderID4,bsSym7,B,100,1.13,REF_FDTRADER2,100,RATES_EXCH
cancelled,2015.05.01D21:44:41.410000000,BAS_S7_OrderID5,bsSym7,B,100,1.14,REF_FDTRADER2,100,RATES_EXCH
cancelled,2015.05.01D23:59:59.000000000,BAS_S7_OrderID1,bsSym7,B,100,1,REF_FDTRADER2,100,RATES_EXCH
cancelled,2015.05.01D23:59:59.000000000,BAS_S7_OrderID8,bsSym7,S,25,1.07,REF_FDTRADER2,25,RATES_EXCH
new,2015.05.01D11:00:14.834012059,BAS_CorpBond__oid1186091,DEA19P9C=SG/SGF,B,400000,119.47,CorpBond_trader28,400000,FI_EXCHANGE
new,2015.05.01D11:00:14.834012059,BAS_CorpBond__oid1186092,DEA19P9C=SG/SGF,S,400000,121.14,CorpBond_trader29,400000,FI_EXCHANGE
new,2015.05.01D11:00:14.871516969,BAS_CorpBond__oid1186095,DEA19P9C=SG/SGF,B,400000,119.47,CorpBond_trader406,400000,FI_EXCHANGE
new,2015.05.01D11:00:14.871516969,BAS_CorpBond__oid1186096,DEA19P9C=SG/SGF,S,400000,121.14,CorpBond_trader407,400000,FI_EXCHANGE
cancelled,2015.05.01D11:00:15.834012059,BAS_CorpBond__oid1186091,DEA19P9C=SG/SGF,B,400000,119.47,CorpBond_trader28,400000,FI_EXCHANGE
cancelled,2015.05.01D11:00:15.834012059,BAS_CorpBond__oid1186092,DEA19P9C=SG/SGF,S,400000,121.14,CorpBond_trader29,400000,FI_EXCHANGE
cancelled,2015.05.01D11:00:15.871516969,BAS_CorpBond__oid1186095,DEA19P9C=SG/SGF,B,400000,119.47,CorpBond_trader406,400000,FI_EXCHANGE
cancelled,2015.05.01D11:00:15.871516969,BAS_CorpBond__oid1186096,DEA19P9C=SG/SGF,S,400000,121.14,CorpBond_trader407,400000,FI_EXCHANGE
new,2015.05.01D11:00:27.941616925,BAS_CorpBond__oid1186587,DEA19P9C=SG/SGF,B,400000,119.47,CorpBond_trader30,400000,FI_EXCHANGE
new,2015.05.01D11:00:27.941616925,BAS_CorpBond__oid1186588,DEA19P9C=SG/SGF,S,400000,121.13,CorpBond_trader31,400000,FI_EXCHANGE
new,2015.05.01D11:00:28.000528536,BAS_CorpBond__oid1186589,DEA19P9C=SG/SGF,B,400000,119.47,CorpBond_trader408,400000,FI_EXCHANGE
new,2015.05.01D11:00:28.000528536,BAS_CorpBond__oid1186590,DEA19P9C=SG/SGF,S,400000,121.13,CorpBond_demoTrader,400000,FI_EXCHANGE
replaced,2015.05.01D11:00:28.941616925,BAS_CorpBond__oid1186587,DEA19P9C=SG/SGF,B,405900,119.47,CorpBond_trader30,405900,FI_EXCHANGE
partiallyFilled,2015.05.01D11:00:28.941616925,BAS_CorpBond__oid1186587,DEA19P9C=SG/SGF,B,400000,119.47,CorpBond_trader30,397664,FI_EXCHANGE
cancelled,2015.05.01D11:00:28.941616925,BAS_CorpBond__oid1186588,DEA19P9C=SG/SGF,S,400000,121.13,CorpBond_trader31,400000,FI_EXCHANGE
cancelled,2015.05.01D11:00:29.000528536,BAS_CorpBond__oid1186589,DEA19P9C=SG/SGF,B,400000,119.47,CorpBond_trader408,400000,FI_EXCHANGE
replaced,2015.05.01D11:00:29.000528536,BAS_CorpBond__oid1186590,DEA19P9C=SG/SGF,S,400000,121.13,CorpBond_demoTrader,400000,FI_EXCHANGE
cancelled,2015.05.01D11:00:29.941616925,BAS_CorpBond__oid1186587,DEA19P9C=SG/SGF,B,400000,119.47,CorpBond_trader30,397664,FI_EXCHANGE
new,2015.05.01D11:00:40.490610599,BAS_CorpBond__oid1186909,DEA19P9C=SG/SGF,B,400000,119.49,CorpBond_trader32,400000,FI_EXCHANGE
new,2015.05.01D11:00:40.490610599,BAS_CorpBond__oid1186910,DEA19P9C=SG/SGF,S,400000,121.13,CorpBond_demoTrader,400000,FI_EXCHANGE
new,2015.05.01D11:00:40.539565869,BAS_CorpBond__oid1186914,DEA19P9C=SG/SGF,B,400000,119.49,CorpBond_trader410,400000,FI_EXCHANGE
new,2015.05.01D11:00:40.539565869,BAS_CorpBond__oid1186915,DEA19P9C=SG/SGF,S,400000,121.13,CorpBond_trader411,400000,FI_EXCHANGE
cancelled,2015.05.01D11:00:41.490610599,BAS_CorpBond__oid1186909,DEA19P9C=SG/SGF,B,400000,119.49,CorpBond_trader32,400000,FI_EXCHANGE
replaced,2015.05.01D11:00:41.490610599,BAS_CorpBond__oid1186910,DEA19P9C=SG/SGF,S,400000,121.13,CorpBond_demoTrader,400000,FI_EXCHANGE
partiallyFilled,2015.05.01D11:00:41.539565869,BAS_CorpBond__oid1186914,DEA19P9C=SG/SGF,B,400000,119.49,CorpBond_trader410,387641,FI_EXCHANGE
cancelled,2015.05.01D11:00:41.539565869,BAS_CorpBond__oid1186915,DEA19P9C=SG/SGF,S,400000,121.13,CorpBond_trader411,400000,FI_EXCHANGE
cancelled,2015.05.01D11:00:42.539565869,BAS_CorpBond__oid1186914,DEA19P9C=SG/SGF,B,400000,119.49,CorpBond_trader410,387641,FI_EXCHANGE
new,2015.05.01D11:00:46.277545907,BAS_CorpBond__oid1187441,DEA19P9C=SG/SGF,B,400000,119.49,CorpBond_trader34,400000,FI_EXCHANGE
new,2015.05.01D11:00:46.277545907,BAS_CorpBond__oid1187442,DEA19P9C=SG/SGF,S,400000,121.14,CorpBond_trader35,400000,FI_EXCHANGE
new,2015.05.01D11:00:46.319749059,BAS_CorpBond__oid1187449,DEA19P9C=SG/SGF,B,400000,119.49,CorpBond_trader412,400000,FI_EXCHANGE
new,2015.05.01D11:00:46.319749059,BAS_CorpBond__oid1187450,DEA19P9C=SG/SGF,S,400000,121.14,CorpBond_demoTrader,400000,FI_EXCHANGE
cancelled,2015.05.01D11:00:47.277545907,BAS_CorpBond__oid1187441,DEA19P9C=SG/SGF,B,400000,119.49,CorpBond_trader34,400000,FI_EXCHANGE
cancelled,2015.05.01D11:00:47.277545907,BAS_CorpBond__oid1187442,DEA19P9C=SG/SGF,S,400000,121.14,CorpBond_trader35,400000,FI_EXCHANGE
cancelled,2015.05.01D11:00:47.319749059,BAS_CorpBond__oid1187449,DEA19P9C=SG/SGF,B,400000,119.49,CorpBond_trader412,400000,FI_EXCHANGE
replaced,2015.05.01D11:00:47.319749059,BAS_CorpBond__oid1187450,DEA19P9C=SG/SGF,S,400000,121.14,CorpBond_demoTrader,400000,FI_EXCHANGE
new,2015.05.01D11:00:58.654145179,BAS_CorpBond__oid1187937,DEA19P9C=SG/SGF,B,400000,119.48,CorpBond_trader36,400000,FI_EXCHANGE
new,2015.05.01D11:00:58.654145179,BAS_CorpBond__oid1187938,DEA19P9C=SG/SGF,S,400000,121.13,CorpBond_trader37,400000,FI_EXCHANGE
new,2015.05.01D11:00:58.655655095,BAS_CorpBond__oid1187939,DEA19P9C=SG/SGF,B,400000,119.48,CorpBond_trader414,400000,FI_EXCHANGE
new,2015.05.01D11:00:58.655655095,BAS_CorpBond__oid1187940,DEA19P9C=SG/SGF,S,400000,121.13,CorpBond_demoTrader,400000,FI_EXCHANGE
cancelled,2015.05.01D11:00:59.654145179,BAS_CorpBond__oid1187937,DEA19P9C=SG/SGF,B,400000,119.48,CorpBond_trader36,400000,FI_EXCHANGE
cancelled,2015.05.01D11:00:59.654145179,BAS_CorpBond__oid1187938,DEA19P9C=SG/SGF,S,400000,121.13,CorpBond_trader37,400000,FI_EXCHANGE
cancelled,2015.05.01D11:00:59.655655095,BAS_CorpBond__oid1187939,DEA19P9C=SG/SGF,B,400000,119.48,CorpBond_trader414,400000,FI_EXCHANGE
replaced,2015.05.01D11:00:59.655655095,BAS_CorpBond__oid1187940,DEA19P9C=SG/SGF,S,400000,121.13,CorpBond_demoTrader,400000,FI_EXCHANGE
new,2015.05.01D11:01:05.022379479,BAS_CorpBond__oid1188332,DEA19P9C=SG/SGF,B,400000,119.46,CorpBond_trader38,400000,FI_EXCHANGE
new,2015.05.01D11:01:05.022379479,BAS_CorpBond__oid1188333,DEA19P9C=SG/SGF,S,400000,121.13,CorpBond_trader39,400000,FI_EXCHANGE
new,2015.05.01D11:01:05.051106676,BAS_CorpBond__oid1188334,DEA19P9C=SG/SGF,B,400000,119.46,CorpBond_trader416,400000,FI_EXCHANGE
new,2015.05.01D11:01:05.051106676,BAS_CorpBond__oid1188335,DEA19P9C=SG/SGF,S,400000,121.13,CorpBond_trader417,400000,FI_EXCHANGE
cancelled,2015.05.01D11:01:06.022379479,BAS_CorpBond__oid1188332,DEA19P9C=SG/SGF,B,400000,119.46,CorpBond_trader38,400000,FI_EXCHANGE
cancelled,2015.05.01D11:01:06.022379479,BAS_CorpBond__oid1188333,DEA19P9C=SG/SGF,S,400000,121.13,CorpBond_trader39,400000,FI_EXCHANGE
cancelled,2015.05.01D11:01:06.051106676,BAS_CorpBond__oid1188334,DEA19P9C=SG/SGF,B,400000,119.46,CorpBond_trader416,400000,FI_EXCHANGE
cancelled,2015.05.01D11:01:06.051106676,BAS_CorpBond__oid1188335,DEA19P9C=SG/SGF,S,400000,121.13,CorpBond_trader417,400000,FI_EXCHANGE
new,2015.05.01D11:01:16.998288254,BAS_CorpBond__oid1188796,DEA19P9C=SG/SGF,B,400000,119.46,CorpBond_trader40,400000,FI_EXCHANGE
new,2015.05.01D11:01:16.998288254,BAS_CorpBond__oid1188797,DEA19P9C=SG/SGF,S,400000,121.09,CorpBond_trader41,400000,FI_EXCHANGE
new,2015.05.01D11:01:17.050806036,BAS_CorpBond__oid1188803,DEA19P9C=SG/SGF,B,400000,119.46,CorpBond_trader418,400000,FI_EXCHANGE
new,2015.05.01D11:01:17.050806036,BAS_CorpBond__oid1188804,DEA19P9C=SG/SGF,S,400000,121.09,CorpBond_trader419,400000,FI_EXCHANGE
partiallyFilled,2015.05.01D11:01:17.998288254,BAS_CorpBond__oid1188796,DEA19P9C=SG/SGF,B,400000,119.46,CorpBond_trader40,356834,FI_EXCHANGE
cancelled,2015.05.01D11:01:17.998288254,BAS_CorpBond__oid1188797,DEA19P9C=SG/SGF,S,400000,121.09,CorpBond_trader41,400000,FI_EXCHANGE
cancelled,2015.05.01D11:01:18.050806036,BAS_CorpBond__oid1188803,DEA19P9C=SG/SGF,B,400000,119.46,CorpBond_trader418,400000,FI_EXCHANGE
cancelled,2015.05.01D11:01:18.050806036,BAS_CorpBond__oid1188804,DEA19P9C=SG/SGF,S,400000,121.09,CorpBond_trader419,400000,FI_EXCHANGE
cancelled,2015.05.01D11:01:18.998288254,BAS_CorpBond__oid1188796,DEA19P9C=SG/SGF,B,400000,119.46,CorpBond_trader40,356834,FI_EXCHANGE
new,2015.05.01D11:01:29.374137292,BAS_CorpBond__oid1189319,DEA19P9C=SG/SGF,B,400000,119.44,CorpBond_trader42,400000,FI_EXCHANGE
new,2015.05.01D11:01:29.374137292,BAS_CorpBond__oid1189320,DEA19P9C=SG/SGF,S,400000,121.09,CorpBond_demoTrader,400000,FI_EXCHANGE
new,2015.05.01D11:01:29.386791238,BAS_CorpBond__oid1189325,DEA19P9C=SG/SGF,B,400000,119.44,CorpBond_trader420,400000,FI_EXCHANGE
new,2015.05.01D11:01:29.386791238,BAS_CorpBond__oid1189326,DEA19P9C=SG/SGF,S,400000,121.09,CorpBond_trader421,400000,FI_EXCHANGE
cancelled,2015.05.01D11:01:30.374137292,BAS_CorpBond__oid1189319,DEA19P9C=SG/SGF,B,400000,119.44,CorpBond_trader42,400000,FI_EXCHANGE
replaced,2015.05.01D11:01:30.374137292,BAS_CorpBond__oid1189320,DEA19P9C=SG/SGF,S,400000,121.09,CorpBond_demoTrader,400000,FI_EXCHANGE
replaced,2015.05.01D11:01:30.386791238,BAS_CorpBond__oid1189325,DEA19P9C=SG/SGF,B,447679,119.44,CorpBond_trader420,447679,FI_EXCHANGE
partiallyFilled,2015.05.01D11:01:30.386791238,BAS_CorpBond__oid1189325,DEA19P9C=SG/SGF,B,400000,119.44,CorpBond_trader420,362878,FI_EXCHANGE
cancelled,2015.05.01D11:01:30.386791238,BAS_CorpBond__oid1189326,DEA19P9C=SG/SGF,S,400000,121.09,CorpBond_trader421,400000,FI_EXCHANGE
cancelled,2015.05.01D11:01:31.386791238,BAS_CorpBond__oid1189325,DEA19P9C=SG/SGF,B,400000,119.44,CorpBond_trader420,362878,FI_EXCHANGE
new,2015.05.01D11:01:35.162070642,BAS_CorpBond__oid1189489,DEA19P9C=SG/SGF,B,400000,119.43,CorpBond_trader44,400000,FI_EXCHANGE
new,2015.05.01D11:01:35.162070642,BAS_CorpBond__oid1189490,DEA19P9C=SG/SGF,S,400000,121.08,CorpBond_demoTrader,400000,FI_EXCHANGE
new,2015.05.01D11:01:35.198546190,BAS_CorpBond__oid1189491,DEA19P9C=SG/SGF,B,400000,119.43,CorpBond_trader422,400000,FI_EXCHANGE
new,2015.05.01D11:01:35.198546190,BAS_CorpBond__oid1189492,DEA19P9C=SG/SGF,S,400000,121.08,CorpBond_trader423,400000,FI_EXCHANGE
replaced,2015.05.01D11:01:36.162070642,BAS_CorpBond__oid1189490,DEA19P9C=SG/SGF,S,424561,121.08,CorpBond_demoTrader,424561,FI_EXCHANGE
cancelled,2015.05.01D11:01:36.162070642,BAS_CorpBond__oid1189489,DEA19P9C=SG/SGF,B,400000,119.43,CorpBond_trader44,400000,FI_EXCHANGE
cancelled,2015.05.01D11:01:36.198546190,BAS_CorpBond__oid1189491,DEA19P9C=SG/SGF,B,400000,119.43,CorpBond_trader422,400000,FI_EXCHANGE
cancelled,2015.05.01D11:01:36.198546190,BAS_CorpBond__oid1189492,DEA19P9C=SG/SGF,S,400000,121.08,CorpBond_trader423,400000,FI_EXCHANGE
replaced,2015.05.01D11:01:37.162070642,BAS_CorpBond__oid1189490,DEA19P9C=SG/SGF,S,424561,121.08,CorpBond_demoTrader,424561,FI_EXCHANGE
new,2015.05.01D11:01:52.754423098,BAS_CorpBond__oid1190080,DEA19P9C=SG/SGF,B,50000,119.28,CorpBond_trader0,50000,FI_EXCHANGE
new,2015.05.01D11:01:52.754423098,BAS_CorpBond__oid1190081,DEA19P9C=SG/SGF,S,50000,120.91,CorpBond_trader1,50000,FI_EXCHANGE
replaced,2015.05.01D11:01:53.754423098,BAS_CorpBond__oid1190080,DEA19P9C=SG/SGF,B,63033,119.28,CorpBond_trader0,63033,FI_EXCHANGE
cancelled,2015.05.01D11:01:53.754423098,BAS_CorpBond__oid1190081,DEA19P9C=SG/SGF,S,50000,120.91,CorpBond_trader1,50000,FI_EXCHANGE
replaced,2015.05.01D11:01:54.754423098,BAS_CorpBond__oid1190080,DEA19P9C=SG/SGF,B,110592,119.28,CorpBond_trader0,110592,FI_EXCHANGE
partiallyFilled,2015.05.01D11:01:55.754423098,BAS_CorpBond__oid1190080,DEA19P9C=SG/SGF,B,110592,119.28,CorpBond_trader0,68075,FI_EXCHANGE
cancelled,2015.05.01D11:01:56.754423098,BAS_CorpBond__oid1190080,DEA19P9C=SG/SGF,B,110592,119.28,CorpBond_trader0,68075,FI_EXCHANGE
new,2015.05.01D11:01:59.669256581,BAS_CorpBond__oid1190254,DEA19P9C=SG/SGF,B,400000,119.42,CorpBond_trader46,400000,FI_EXCHANGE
new,2015.05.01D11:01:59.669256581,BAS_CorpBond__oid1190255,DEA19P9C=SG/SGF,S,400000,121.08,CorpBond_trader47,400000,FI_EXCHANGE
new,2015.05.01D11:01:59.669879254,BAS_CorpBond__oid1190256,DEA19P9C=SG/SGF,B,400000,119.42,CorpBond_trader424,400000,FI_EXCHANGE
new,2015.05.01D11:01:59.669879254,BAS_CorpBond__oid1190257,DEA19P9C=SG/SGF,S,400000,121.08,CorpBond_trader425,400000,FI_EXCHANGE
cancelled,2015.05.01D11:02:00.669256581,BAS_CorpBond__oid1190254,DEA19P9C=SG/SGF,B,400000,119.42,CorpBond_trader46,400000,FI_EXCHANGE
cancelled,2015.05.01D11:02:00.669256581,BAS_CorpBond__oid1190255,DEA19P9C=SG/SGF,S,400000,121.08,CorpBond_trader47,400000,FI_EXCHANGE
cancelled,2015.05.01D11:02:00.669879254,BAS_CorpBond__oid1190256,DEA19P9C=SG/SGF,B,400000,119.42,CorpBond_trader424,400000,FI_EXCHANGE
cancelled,2015.05.01D11:02:00.669879254,BAS_CorpBond__oid1190257,DEA19P9C=SG/SGF,S,400000,121.08,CorpBond_trader425,400000,FI_EXCHANGE
new,2015.05.01D11:02:17.881646358,BAS_CorpBond__oid1190684,DEA19P9C=SG/SGF,B,400000,119.42,CorpBond_trader48,400000,FI_EXCHANGE
new,2015.05.01D11:02:17.881646358,BAS_CorpBond__oid1190685,DEA19P9C=SG/SGF,S,400000,121.05,CorpBond_trader49,400000,FI_EXCHANGE
new,2015.05.01D11:02:17.941509675,BAS_CorpBond__oid1190686,DEA19P9C=SG/SGF,B,400000,119.42,CorpBond_trader426,400000,FI_EXCHANGE
new,2015.05.01D11:02:17.941509675,BAS_CorpBond__oid1190687,DEA19P9C=SG/SGF,S,400000,121.05,CorpBond_trader427,400000,FI_EXCHANGE
cancelled,2015.05.01D11:02:18.881646358,BAS_CorpBond__oid1190684,DEA19P9C=SG/SGF,B,400000,119.42,CorpBond_trader48,400000,FI_EXCHANGE
cancelled,2015.05.01D11:02:18.881646358,BAS_CorpBond__oid1190685,DEA19P9C=SG/SGF,S,400000,121.05,CorpBond_trader49,400000,FI_EXCHANGE
cancelled,2015.05.01D11:02:18.941509675,BAS_CorpBond__oid1190686,DEA19P9C=SG/SGF,B,400000,119.42,CorpBond_trader426,400000,FI_EXCHANGE
cancelled,2015.05.01D11:02:18.941509675,BAS_CorpBond__oid1190687,DEA19P9C=SG/SGF,S,400000,121.05,CorpBond_trader427,400000,FI_EXCHANGE
new,2015.05.01D11:02:36.278019250,BAS_CorpBond__oid1191124,DEA19P9C=SG/SGF,B,400000,119.43,CorpBond_trader50,400000,FI_EXCHANGE
new,2015.05.01D11:02:36.278019250,BAS_CorpBond__oid1191125,DEA19P9C=SG/SGF,S,400000,121.05,CorpBond_trader51,400000,FI_EXCHANGE
new,2015.05.01D11:02:36.340802533,BAS_CorpBond__oid1191128,DEA19P9C=SG/SGF,B,400000,119.43,CorpBond_trader428,400000,FI_EXCHANGE
new,2015.05.01D11:02:36.340802533,BAS_CorpBond__oid1191129,DEA19P9C=SG/SGF,S,400000,121.05,CorpBond_trader429,400000,FI_EXCHANGE
partiallyFilled,2015.05.01D11:02:37.278019250,BAS_CorpBond__oid1191124,DEA19P9C=SG/SGF,B,400000,119.43,CorpBond_trader50,389089,FI_EXCHANGE
cancelled,2015.05.01D11:02:37.278019250,BAS_CorpBond__oid1191125,DEA19P9C=SG/SGF,S,400000,121.05,CorpBond_trader51,400000,FI_EXCHANGE
cancelled,2015.05.01D11:02:37.340802533,BAS_CorpBond__oid1191128,DEA19P9C=SG/SGF,B,400000,119.43,CorpBond_trader428,400000,FI_EXCHANGE
cancelled,2015.05.01D11:02:37.340802533,BAS_CorpBond__oid1191129,DEA19P9C=SG/SGF,S,400000,121.05,CorpBond_trader429,400000,FI_EXCHANGE
cancelled,2015.05.01D11:02:38.278019250,BAS_CorpBond__oid1191124,DEA19P9C=SG/SGF,B,400000,119.43,CorpBond_trader50,389089,FI_EXCHANGE
new,2015.05.01D11:03:20.026134074,BAS_CorpBond__oid1192648,DEA19P9C=SG/SGF,B,400000,119.42,CorpBond_trader52,400000,FI_EXCHANGE
new,2015.05.01D11:03:20.026134074,BAS_CorpBond__oid1192649,DEA19P9C=SG/SGF,S,400000,121.05,CorpBond_trader53,400000,FI_EXCHANGE
new,2015.05.01D11:03:20.064597483,BAS_CorpBond__oid1192652,DEA19P9C=SG/SGF,B,400000,119.42,CorpBond_trader430,400000,FI_EXCHANGE
new,2015.05.01D11:03:20.064597483,BAS_CorpBond__oid1192653,DEA19P9C=SG/SGF,S,400000,121.05,CorpBond_trader431,400000,FI_EXCHANGE
cancelled,2015.05.01D11:03:21.026134074,BAS_CorpBond__oid1192648,DEA19P9C=SG/SGF,B,400000,119.42,CorpBond_trader52,400000,FI_EXCHANGE
cancelled,2015.05.01D11:03:21.026134074,BAS_CorpBond__oid1192649,DEA19P9C=SG/SGF,S,400000,121.05,CorpBond_trader53,400000,FI_EXCHANGE
partiallyFilled,2015.05.01D11:03:21.064597483,BAS_CorpBond__oid1192652,DEA19P9C=SG/SGF,B,400000,119.42,CorpBond_trader430,395729,FI_EXCHANGE
cancelled,2015.05.01D11:03:21.064597483,BAS_CorpBond__oid1192653,DEA19P9C=SG/SGF,S,400000,121.05,CorpBond_trader431,400000,FI_EXCHANGE
cancelled,2015.05.01D11:03:22.064597483,BAS_CorpBond__oid1192652,DEA19P9C=SG/SGF,B,400000,119.42,CorpBond_trader430,395729,FI_EXCHANGE
new,2015.05.01D11:03:26.125613150,BAS_CorpBond__oid1193120,DEA19P9C=SG/SGF,B,400000,119.41,CorpBond_trader54,400000,FI_EXCHANGE
new,2015.05.01D11:03:26.125613150,BAS_CorpBond__oid1193121,DEA19P9C=SG/SGF,S,400000,121.05,CorpBond_trader55,400000,FI_EXCHANGE
new,2015.05.01D11:03:26.175873215,BAS_CorpBond__oid1193127,DEA19P9C=SG/SGF,B,400000,119.41,CorpBond_trader432,400000,FI_EXCHANGE
new,2015.05.01D11:03:26.175873215,BAS_CorpBond__oid1193128,DEA19P9C=SG/SGF,S,400000,121.05,CorpBond_trader433,400000,FI_EXCHANGE
cancelled,2015.05.01D11:03:27.125613150,BAS_CorpBond__oid1193120,DEA19P9C=SG/SGF,B,400000,119.41,CorpBond_trader54,400000,FI_EXCHANGE
cancelled,2015.05.01D11:03:27.125613150,BAS_CorpBond__oid1193121,DEA19P9C=SG/SGF,S,400000,121.05,CorpBond_trader55,400000,FI_EXCHANGE
cancelled,2015.05.01D11:03:27.175873215,BAS_CorpBond__oid1193127,DEA19P9C=SG/SGF,B,400000,119.41,CorpBond_trader432,400000,FI_EXCHANGE
cancelled,2015.05.01D11:03:27.175873215,BAS_CorpBond__oid1193128,DEA19P9C=SG/SGF,S,400000,121.05,CorpBond_trader433,400000,FI_EXCHANGE
new,2015.05.01D11:03:32.973088610,BAS_CorpBond__oid1193298,DEA19P9C=SG/SGF,B,400000,119.4,CorpBond_trader56,400000,FI_EXCHANGE
new,2015.05.01D11:03:32.973088610,BAS_CorpBond__oid1193299,DEA19P9C=SG/SGF,S,400000,121.05,CorpBond_trader57,400000,FI_EXCHANGE
new,2015.05.01D11:03:32.983899041,BAS_CorpBond__oid1193300,DEA19P9C=SG/SGF,B,400000,119.4,CorpBond_trader434,400000,FI_EXCHANGE
new,2015.05.01D11:03:32.983899041,BAS_CorpBond__oid1193301,DEA19P9C=SG/SGF,S,400000,121.05,CorpBond_trader435,400000,FI_EXCHANGE
cancelled,2015.05.01D11:03:33.973088610,BAS_CorpBond__oid1193298,DEA19P9C=SG/SGF,B,400000,119.4,CorpBond_trader56,400000,FI_EXCHANGE
cancelled,2015.05.01D11:03:33.973088610,BAS_CorpBond__oid1193299,DEA19P9C=SG/SGF,S,400000,121.05,CorpBond_trader57,400000,FI_EXCHANGE
replaced,2015.05.01D11:03:33.983899041,BAS_CorpBond__oid1193301,DEA19P9C=SG/SGF,S,419213,121.05,CorpBond_trader435,419213,FI_EXCHANGE
cancelled,2015.05.01D11:03:33.983899041,BAS_CorpBond__oid1193300,DEA19P9C=SG/SGF,B,400000,119.4,CorpBond_trader434,400000,FI_EXCHANGE
cancelled,2015.05.01D11:03:34.983899041,BAS_CorpBond__oid1193301,DEA19P9C=SG/SGF,S,419213,121.05,CorpBond_trader435,419213,FI_EXCHANGE
new,2015.05.01D11:03:38.285455652,BAS_CorpBond__oid1193563,DEA19P9C=SG/SGF,B,400000,119.36,CorpBond_trader58,400000,FI_EXCHANGE
new,2015.05.01D11:03:38.285455652,BAS_CorpBond__oid1193564,DEA19P9C=SG/SGF,S,400000,121.05,CorpBond_trader59,400000,FI_EXCHANGE
new,2015.05.01D11:03:38.368715370,BAS_CorpBond__oid1193567,DEA19P9C=SG/SGF,B,400000,119.36,CorpBond_trader436,400000,FI_EXCHANGE
new,2015.05.01D11:03:38.368715370,BAS_CorpBond__oid1193568,DEA19P9C=SG/SGF,S,400000,121.05,CorpBond_trader437,400000,FI_EXCHANGE
cancelled,2015.05.01D11:03:39.285455652,BAS_CorpBond__oid1193563,DEA19P9C=SG/SGF,B,400000,119.36,CorpBond_trader58,400000,FI_EXCHANGE
cancelled,2015.05.01D11:03:39.285455652,BAS_CorpBond__oid1193564,DEA19P9C=SG/SGF,S,400000,121.05,CorpBond_trader59,400000,FI_EXCHANGE
cancelled,2015.05.01D11:03:39.368715370,BAS_CorpBond__oid1193567,DEA19P9C=SG/SGF,B,400000,119.36,CorpBond_trader436,400000,FI_EXCHANGE
cancelled,2015.05.01D11:03:39.368715370,BAS_CorpBond__oid1193568,DEA19P9C=SG/SGF,S,400000,121.05,CorpBond_trader437,400000,FI_EXCHANGE
new,2015.05.01D11:03:44.368937343,BAS_CorpBond__oid1193822,DEA19P9C=SG/SGF,B,400000,119.35,CorpBond_trader60,400000,FI_EXCHANGE
new,2015.05.01D11:03:44.368937343,BAS_CorpBond__oid1193823,DEA19P9C=SG/SGF,S,400000,121.05,CorpBond_trader61,400000,FI_EXCHANGE
new,2015.05.01D11:03:44.403333671,BAS_CorpBond__oid1193828,DEA19P9C=SG/SGF,B,400000,119.35,CorpBond_trader438,400000,FI_EXCHANGE
new,2015.05.01D11:03:44.403333671,BAS_CorpBond__oid1193829,DEA19P9C=SG/SGF,S,400000,121.05,CorpBond_trader439,400000,FI_EXCHANGE
replaced,2015.05.01D11:03:45.368937343,BAS_CorpBond__oid1193822,DEA19P9C=SG/SGF,B,441301,119.35,CorpBond_trader60,441301,FI_EXCHANGE
cancelled,2015.05.01D11:03:45.368937343,BAS_CorpBond__oid1193823,DEA19P9C=SG/SGF,S,400000,121.05,CorpBond_trader61,400000,FI_EXCHANGE
cancelled,2015.05.01D11:03:45.403333671,BAS_CorpBond__oid1193828,DEA19P9C=SG/SGF,B,400000,119.35,CorpBond_trader438,400000,FI_EXCHANGE
cancelled,2015.05.01D11:03:45.403333671,BAS_CorpBond__oid1193829,DEA19P9C=SG/SGF,S,400000,121.05,CorpBond_trader439,400000,FI_EXCHANGE
partiallyFilled,2015.05.01D11:03:46.368937343,BAS_CorpBond__oid1193822,DEA19P9C=SG/SGF,B,441301,119.35,CorpBond_trader60,400538,FI_EXCHANGE
cancelled,2015.05.01D11:03:47.368937343,BAS_CorpBond__oid1193822,DEA19P9C=SG/SGF,B,441301,119.35,CorpBond_trader60,400538,FI_EXCHANGE
new,2015.05.01D11:03:56.540155438,BAS_CorpBond__oid1194226,DEA19P9C=SG/SGF,B,400000,119.35,CorpBond_trader62,400000,FI_EXCHANGE
new,2015.05.01D11:03:56.540155438,BAS_CorpBond__oid1194227,DEA19P9C=SG/SGF,S,400000,121.03,CorpBond_trader63,400000,FI_EXCHANGE
new,2015.05.01D11:03:56.647981128,BAS_CorpBond__oid1194237,DEA19P9C=SG/SGF,B,400000,119.35,CorpBond_trader440,400000,FI_EXCHANGE
new,2015.05.01D11:03:56.647981128,BAS_CorpBond__oid1194238,DEA19P9C=SG/SGF,S,400000,121.03,CorpBond_trader441,400000,FI_EXCHANGE
cancelled,2015.05.01D11:03:57.540155438,BAS_CorpBond__oid1194226,DEA19P9C=SG/SGF,B,400000,119.35,CorpBond_trader62,400000,FI_EXCHANGE
cancelled,2015.05.01D11:03:57.540155438,BAS_CorpBond__oid1194227,DEA19P9C=SG/SGF,S,400000,121.03,CorpBond_trader63,400000,FI_EXCHANGE
partiallyFilled,2015.05.01D11:03:57.647981128,BAS_CorpBond__oid1194237,DEA19P9C=SG/SGF,B,400000,119.35,CorpBond_trader440,385532,FI_EXCHANGE
cancelled,2015.05.01D11:03:57.647981128,BAS_CorpBond__oid1194238,DEA19P9C=SG/SGF,S,400000,121.03,CorpBond_trader441,400000,FI_EXCHANGE
cancelled,2015.05.01D11:03:58.647981128,BAS_CorpBond__oid1194237,DEA19P9C=SG/SGF,B,400000,119.35,CorpBond_trader440,385532,FI_EXCHANGE
new,2015.05.01D11:04:20.920458728,BAS_CorpBond__oid1195524,DEA19P9C=SG/SGF,B,400000,119.35,CorpBond_trader64,400000,FI_EXCHANGE
new,2015.05.01D11:04:20.920458728,BAS_CorpBond__oid1195525,DEA19P9C=SG/SGF,S,400000,121.02,CorpBond_trader65,400000,FI_EXCHANGE
new,2015.05.01D11:04:20.983671205,BAS_CorpBond__oid1195534,DEA19P9C=SG/SGF,B,400000,119.35,CorpBond_trader442,400000,FI_EXCHANGE
new,2015.05.01D11:04:20.983671205,BAS_CorpBond__oid1195535,DEA19P9C=SG/SGF,S,400000,121.02,CorpBond_trader443,400000,FI_EXCHANGE
cancelled,2015.05.01D11:04:21.920458728,BAS_CorpBond__oid1195524,DEA19P9C=SG/SGF,B,400000,119.35,CorpBond_trader64,400000,FI_EXCHANGE
cancelled,2015.05.01D11:04:21.920458728,BAS_CorpBond__oid1195525,DEA19P9C=SG/SGF,S,400000,121.02,CorpBond_trader65,400000,FI_EXCHANGE
cancelled,2015.05.01D11:04:21.983671205,BAS_CorpBond__oid1195534,DEA19P9C=SG/SGF,B,400000,119.35,CorpBond_trader442,400000,FI_EXCHANGE
cancelled,2015.05.01D11:04:21.983671205,BAS_CorpBond__oid1195535,DEA19P9C=SG/SGF,S,400000,121.02,CorpBond_trader443,400000,FI_EXCHANGE
new,2015.05.01D11:04:52.507990063,BAS_CorpBond__oid1196710,DEA19P9C=SG/SGF,B,400000,119.34,CorpBond_trader66,400000,FI_EXCHANGE
new,2015.05.01D11:04:52.507990063,BAS_CorpBond__oid1196711,DEA19P9C=SG/SGF,S,400000,121.02,CorpBond_trader67,400000,FI_EXCHANGE
new,2015.05.01D11:04:52.542854808,BAS_CorpBond__oid1196712,DEA19P9C=SG/SGF,B,400000,119.34,CorpBond_trader444,400000,FI_EXCHANGE
new,2015.05.01D11:04:52.542854808,BAS_CorpBond__oid1196713,DEA19P9C=SG/SGF,S,400000,121.02,CorpBond_trader445,400000,FI_EXCHANGE
cancelled,2015.05.01D11:04:53.507990063,BAS_CorpBond__oid1196710,DEA19P9C=SG/SGF,B,400000,119.34,CorpBond_trader66,400000,FI_EXCHANGE
cancelled,2015.05.01D11:04:53.507990063,BAS_CorpBond__oid1196711,DEA19P9C=SG/SGF,S,400000,121.02,CorpBond_trader67,400000,FI_EXCHANGE
cancelled,2015.05.01D11:04:53.542854808,BAS_CorpBond__oid1196712,DEA19P9C=SG/SGF,B,400000,119.34,CorpBond_trader444,400000,FI_EXCHANGE
cancelled,2015.05.01D11:04:53.542854808,BAS_CorpBond__oid1196713,DEA19P9C=SG/SGF,S,400000,121.02,CorpBond_trader445,400000,FI_EXCHANGE
new,2015.05.01D11:05:04.624937005,BAS_CorpBond__oid1197266,DEA19P9C=SG/SGF,B,400000,119.34,CorpBond_trader68,400000,FI_EXCHANGE
new,2015.05.01D11:05:04.624937005,BAS_CorpBond__oid1197267,DEA19P9C=SG/SGF,S,400000,121.01,CorpBond_trader69,400000,FI_EXCHANGE
new,2015.05.01D11:05:04.666295404,BAS_CorpBond__oid1197270,DEA19P9C=SG/SGF,B,400000,119.34,CorpBond_trader446,400000,FI_EXCHANGE
new,2015.05.01D11:05:04.666295404,BAS_CorpBond__oid1197271,DEA19P9C=SG/SGF,S,400000,121.01,CorpBond_trader447,400000,FI_EXCHANGE
cancelled,2015.05.01D11:05:05.624937005,BAS_CorpBond__oid1197266,DEA19P9C=SG/SGF,B,400000,119.34,CorpBond_trader68,400000,FI_EXCHANGE
cancelled,2015.05.01D11:05:05.624937005,BAS_CorpBond__oid1197267,DEA19P9C=SG/SGF,S,400000,121.01,CorpBond_trader69,400000,FI_EXCHANGE
cancelled,2015.05.01D11:05:05.666295404,BAS_CorpBond__oid1197270,DEA19P9C=SG/SGF,B,400000,119.34,CorpBond_trader446,400000,FI_EXCHANGE
cancelled,2015.05.01D11:05:05.666295404,BAS_CorpBond__oid1197271,DEA19P9C=SG/SGF,S,400000,121.01,CorpBond_trader447,400000,FI_EXCHANGE
new,2015.05.01D11:05:16.780211095,BAS_CorpBond__oid1197933,DEA19P9C=SG/SGF,B,400000,119.35,CorpBond_trader70,400000,FI_EXCHANGE
new,2015.05.01D11:05:16.780211095,BAS_CorpBond__oid1197934,DEA19P9C=SG/SGF,S,400000,120.76,CorpBond_trader71,400000,FI_EXCHANGE
new,2015.05.01D11:05:16.830546888,BAS_CorpBond__oid1197937,DEA19P9C=SG/SGF,B,400000,119.35,CorpBond_trader448,400000,FI_EXCHANGE
new,2015.05.01D11:05:16.830546888,BAS_CorpBond__oid1197938,DEA19P9C=SG/SGF,S,400000,120.76,CorpBond_trader449,400000,FI_EXCHANGE
new,2015.05.01D11:05:17.029533024,BAS_CorpBond__oid1197943,DEA19P9C=SG/SGF,B,50000,119.28,CorpBond_trader2,50000,FI_EXCHANGE
new,2015.05.01D11:05:17.029533024,BAS_CorpBond__oid1197944,DEA19P9C=SG/SGF,S,50000,120.85,CorpBond_trader3,50000,FI_EXCHANGE
partiallyFilled,2015.05.01D11:05:17.780211095,BAS_CorpBond__oid1197933,DEA19P9C=SG/SGF,B,400000,119.35,CorpBond_trader70,397088,FI_EXCHANGE
cancelled,2015.05.01D11:05:17.780211095,BAS_CorpBond__oid1197934,DEA19P9C=SG/SGF,S,400000,120.76,CorpBond_trader71,400000,FI_EXCHANGE
cancelled,2015.05.01D11:05:17.830546888,BAS_CorpBond__oid1197937,DEA19P9C=SG/SGF,B,400000,119.35,CorpBond_trader448,400000,FI_EXCHANGE
cancelled,2015.05.01D11:05:17.830546888,BAS_CorpBond__oid1197938,DEA19P9C=SG/SGF,S,400000,120.76,CorpBond_trader449,400000,FI_EXCHANGE
cancelled,2015.05.01D11:05:18.029533024,BAS_CorpBond__oid1197943,DEA19P9C=SG/SGF,B,50000,119.28,CorpBond_trader2,50000,FI_EXCHANGE
cancelled,2015.05.01D11:05:18.029533024,BAS_CorpBond__oid1197944,DEA19P9C=SG/SGF,S,50000,120.85,CorpBond_trader3,50000,FI_EXCHANGE
cancelled,2015.05.01D11:05:18.780211095,BAS_CorpBond__oid1197933,DEA19P9C=SG/SGF,B,400000,119.35,CorpBond_trader70,397088,FI_EXCHANGE
new,2015.05.01D11:05:22.981019751,BAS_CorpBond__oid1198276,DEA19P9C=SG/SGF,B,400000,119.35,CorpBond_trader72,400000,FI_EXCHANGE
new,2015.05.01D11:05:22.981019751,BAS_CorpBond__oid1198277,DEA19P9C=SG/SGF,S,400000,121.01,CorpBond_trader73,400000,FI_EXCHANGE
new,2015.05.01D11:05:23.025892732,BAS_CorpBond__oid1198293,DEA19P9C=SG/SGF,B,400000,119.35,CorpBond_trader450,400000,FI_EXCHANGE
new,2015.05.01D11:05:23.025892732,BAS_CorpBond__oid1198294,DEA19P9C=SG/SGF,S,400000,121.01,CorpBond_trader451,400000,FI_EXCHANGE
cancelled,2015.05.01D11:05:23.981019751,BAS_CorpBond__oid1198276,DEA19P9C=SG/SGF,B,400000,119.35,CorpBond_trader72,400000,FI_EXCHANGE
cancelled,2015.05.01D11:05:23.981019751,BAS_CorpBond__oid1198277,DEA19P9C=SG/SGF,S,400000,121.01,CorpBond_trader73,400000,FI_EXCHANGE
replaced,2015.05.01D11:05:24.025892732,BAS_CorpBond__oid1198293,DEA19P9C=SG/SGF,B,410590,119.35,CorpBond_trader450,410590,FI_EXCHANGE
partiallyFilled,2015.05.01D11:05:24.025892732,BAS_CorpBond__oid1198293,DEA19P9C=SG/SGF,B,400000,119.35,CorpBond_trader450,391787,FI_EXCHANGE
cancelled,2015.05.01D11:05:24.025892732,BAS_CorpBond__oid1198294,DEA19P9C=SG/SGF,S,400000,121.01,CorpBond_trader451,400000,FI_EXCHANGE
replaced,2015.05.01D11:05:25.025892732,BAS_CorpBond__oid1198293,DEA19P9C=SG/SGF,B,439003,119.35,CorpBond_trader450,439003,FI_EXCHANGE
cancelled,2015.05.01D11:05:25.025892732,BAS_CorpBond__oid1198293,DEA19P9C=SG/SGF,B,400000,119.35,CorpBond_trader450,391787,FI_EXCHANGE
new,2015.05.01D11:05:36.121005832,BAS_CorpBond__oid1198981,DEA19P9C=SG/SGF,B,400000,119.36,CorpBond_trader74,400000,FI_EXCHANGE
new,2015.05.01D11:05:36.121005832,BAS_CorpBond__oid1198982,DEA19P9C=SG/SGF,S,400000,120.77,CorpBond_trader75,400000,FI_EXCHANGE
new,2015.05.01D11:05:36.177879567,BAS_CorpBond__oid1198983,DEA19P9C=SG/SGF,B,400000,119.36,CorpBond_trader452,400000,FI_EXCHANGE
new,2015.05.01D11:05:36.177879567,BAS_CorpBond__oid1198984,DEA19P9C=SG/SGF,S,400000,120.77,CorpBond_trader453,400000,FI_EXCHANGE
replaced,2015.05.01D11:05:37.121005832,BAS_CorpBond__oid1198982,DEA19P9C=SG/SGF,S,431898,120.77,CorpBond_trader75,431898,FI_EXCHANGE
cancelled,2015.05.01D11:05:37.121005832,BAS_CorpBond__oid1198981,DEA19P9C=SG/SGF,B,400000,119.36,CorpBond_trader74,400000,FI_EXCHANGE
cancelled,2015.05.01D11:05:37.177879567,BAS_CorpBond__oid1198983,DEA19P9C=SG/SGF,B,400000,119.36,CorpBond_trader452,400000,FI_EXCHANGE
cancelled,2015.05.01D11:05:37.177879567,BAS_CorpBond__oid1198984,DEA19P9C=SG/SGF,S,400000,120.77,CorpBond_trader453,400000,FI_EXCHANGE
replaced,2015.05.01D11:05:38.121005832,BAS_CorpBond__oid1198982,DEA19P9C=SG/SGF,S,454527,120.77,CorpBond_trader75,454527,FI_EXCHANGE
cancelled,2015.05.01D11:05:39.121005832,BAS_CorpBond__oid1198982,DEA19P9C=SG/SGF,S,454527,120.77,CorpBond_trader75,454527,FI_EXCHANGE
new,2015.05.01D11:05:48.352115430,BAS_CorpBond__oid1199749,DEA19P9C=SG/SGF,B,400000,119.36,CorpBond_trader76,400000,FI_EXCHANGE
new,2015.05.01D11:05:48.352115430,BAS_CorpBond__oid1199750,DEA19P9C=SG/SGF,S,400000,120.78,CorpBond_demoTrader,400000,FI_EXCHANGE
new,2015.05.01D11:05:48.412950277,BAS_CorpBond__oid1199753,DEA19P9C=SG/SGF,B,400000,119.36,CorpBond_trader454,400000,FI_EXCHANGE
new,2015.05.01D11:05:48.412950277,BAS_CorpBond__oid1199754,DEA19P9C=SG/SGF,S,400000,120.78,CorpBond_trader455,400000,FI_EXCHANGE
cancelled,2015.05.01D11:05:49.352115430,BAS_CorpBond__oid1199749,DEA19P9C=SG/SGF,B,400000,119.36,CorpBond_trader76,400000,FI_EXCHANGE
replaced,2015.05.01D11:05:49.352115430,BAS_CorpBond__oid1199750,DEA19P9C=SG/SGF,S,400000,120.78,CorpBond_demoTrader,400000,FI_EXCHANGE
cancelled,2015.05.01D11:05:49.412950277,BAS_CorpBond__oid1199753,DEA19P9C=SG/SGF,B,400000,119.36,CorpBond_trader454,400000,FI_EXCHANGE
cancelled,2015.05.01D11:05:49.412950277,BAS_CorpBond__oid1199754,DEA19P9C=SG/SGF,S,400000,120.78,CorpBond_trader455,400000,FI_EXCHANGE
new,2015.05.01D11:06:00.463761677,BAS_CorpBond__oid1200538,DEA19P9C=SG/SGF,B,400000,119.38,CorpBond_trader78,400000,FI_EXCHANGE
new,2015.05.01D11:06:00.463761677,BAS_CorpBond__oid1200539,DEA19P9C=SG/SGF,S,400000,120.78,CorpBond_trader79,400000,FI_EXCHANGE
new,2015.05.01D11:06:00.521565462,BAS_CorpBond__oid1200540,DEA19P9C=SG/SGF,B,400000,119.38,CorpBond_trader456,400000,FI_EXCHANGE
new,2015.05.01D11:06:00.521565462,BAS_CorpBond__oid1200541,DEA19P9C=SG/SGF,S,400000,120.78,CorpBond_trader457,400000,FI_EXCHANGE
cancelled,2015.05.01D11:06:01.463761677,BAS_CorpBond__oid1200538,DEA19P9C=SG/SGF,B,400000,119.38,CorpBond_trader78,400000,FI_EXCHANGE
cancelled,2015.05.01D11:06:01.463761677,BAS_CorpBond__oid1200539,DEA19P9C=SG/SGF,S,400000,120.78,CorpBond_trader79,400000,FI_EXCHANGE
cancelled,2015.05.01D11:06:01.521565462,BAS_CorpBond__oid1200540,DEA19P9C=SG/SGF,B,400000,119.38,CorpBond_trader456,400000,FI_EXCHANGE
cancelled,2015.05.01D11:06:01.521565462,BAS_CorpBond__oid1200541,DEA19P9C=SG/SGF,S,400000,120.78,CorpBond_trader457,400000,FI_EXCHANGE
new,2015.05.01D11:06:06.519821699,BAS_CorpBond__oid1200747,DEA19P9C=SG/SGF,B,400000,119.37,CorpBond_trader80,400000,FI_EXCHANGE
new,2015.05.01D11:06:06.519821699,BAS_CorpBond__oid1200748,DEA19P9C=SG/SGF,S,400000,120.78,CorpBond_trader81,400000,FI_EXCHANGE
new,2015.05.01D11:06:06.568622001,BAS_CorpBond__oid1200753,DEA19P9C=SG/SGF,B,400000,119.37,CorpBond_trader458,400000,FI_EXCHANGE
new,2015.05.01D11:06:06.568622001,BAS_CorpBond__oid1200754,DEA19P9C=SG/SGF,S,400000,120.78,CorpBond_trader459,400000,FI_EXCHANGE
partiallyFilled,2015.05.01D11:06:07.519821699,BAS_CorpBond__oid1200747,DEA19P9C=SG/SGF,B,400000,119.37,CorpBond_trader80,364753,FI_EXCHANGE
cancelled,2015.05.01D11:06:07.519821699,BAS_CorpBond__oid1200748,DEA19P9C=SG/SGF,S,400000,120.78,CorpBond_trader81,400000,FI_EXCHANGE
cancelled,2015.05.01D11:06:07.568622001,BAS_CorpBond__oid1200753,DEA19P9C=SG/SGF,B,400000,119.37,CorpBond_trader458,400000,FI_EXCHANGE
cancelled,2015.05.01D11:06:07.568622001,BAS_CorpBond__oid1200754,DEA19P9C=SG/SGF,S,400000,120.78,CorpBond_trader459,400000,FI_EXCHANGE
cancelled,2015.05.01D11:06:08.519821699,BAS_CorpBond__oid1200747,DEA19P9C=SG/SGF,B,400000,119.37,CorpBond_trader80,364753,FI_EXCHANGE
new,2015.05.01D11:06:12.552601403,BAS_CorpBond__oid1201171,DEA19P9C=SG/SGF,B,400000,119.37,CorpBond_trader82,400000,FI_EXCHANGE
new,2015.05.01D11:06:12.552601403,BAS_CorpBond__oid1201172,DEA19P9C=SG/SGF,S,400000,121.04,CorpBond_trader83,400000,FI_EXCHANGE
new,2015.05.01D11:06:12.580806350,BAS_CorpBond__oid1201173,DEA19P9C=SG/SGF,B,400000,119.37,CorpBond_trader460,400000,FI_EXCHANGE
new,2015.05.01D11:06:12.580806350,BAS_CorpBond__oid1201174,DEA19P9C=SG/SGF,S,400000,121.04,CorpBond_trader461,400000,FI_EXCHANGE
cancelled,2015.05.01D11:06:13.552601403,BAS_CorpBond__oid1201171,DEA19P9C=SG/SGF,B,400000,119.37,CorpBond_trader82,400000,FI_EXCHANGE
cancelled,2015.05.01D11:06:13.552601403,BAS_CorpBond__oid1201172,DEA19P9C=SG/SGF,S,400000,121.04,CorpBond_trader83,400000,FI_EXCHANGE
partiallyFilled,2015.05.01D11:06:13.580806350,BAS_CorpBond__oid1201173,DEA19P9C=SG/SGF,B,400000,119.37,CorpBond_trader460,378321,FI_EXCHANGE
cancelled,2015.05.01D11:06:13.580806350,BAS_CorpBond__oid1201174,DEA19P9C=SG/SGF,S,400000,121.04,CorpBond_trader461,400000,FI_EXCHANGE
cancelled,2015.05.01D11:06:14.580806350,BAS_CorpBond__oid1201173,DEA19P9C=SG/SGF,B,400000,119.37,CorpBond_trader460,378321,FI_EXCHANGE
new,2015.05.01D11:06:54.590348992,BAS_CorpBond__oid1203050,DEA19P9C=SG/SGF,B,50000,119.23,CorpBond_trader4,50000,FI_EXCHANGE
new,2015.05.01D11:06:54.590348992,BAS_CorpBond__oid1203051,DEA19P9C=SG/SGF,S,50000,120.86,CorpBond_trader5,50000,FI_EXCHANGE
cancelled,2015.05.01D11:06:55.590348992,BAS_CorpBond__oid1203050,DEA19P9C=SG/SGF,B,50000,119.23,CorpBond_trader4,50000,FI_EXCHANGE
cancelled,2015.05.01D11:06:55.590348992,BAS_CorpBond__oid1203051,DEA19P9C=SG/SGF,S,50000,120.86,CorpBond_trader5,50000,FI_EXCHANGE
new,2015.05.01D11:06:56.347767300,BAS_CorpBond__oid1203078,DEA19P9C=SG/SGF,B,400000,119.38,CorpBond_trader84,400000,FI_EXCHANGE
new,2015.05.01D11:06:56.347767300,BAS_CorpBond__oid1203079,DEA19P9C=SG/SGF,S,400000,121.04,CorpBond_trader85,400000,FI_EXCHANGE
new,2015.05.01D11:06:56.407642257,BAS_CorpBond__oid1203082,DEA19P9C=SG/SGF,B,400000,119.38,CorpBond_trader462,400000,FI_EXCHANGE
new,2015.05.01D11:06:56.407642257,BAS_CorpBond__oid1203083,DEA19P9C=SG/SGF,S,400000,121.04,CorpBond_trader463,400000,FI_EXCHANGE
cancelled,2015.05.01D11:06:57.347767300,BAS_CorpBond__oid1203078,DEA19P9C=SG/SGF,B,400000,119.38,CorpBond_trader84,400000,FI_EXCHANGE
cancelled,2015.05.01D11:06:57.347767300,BAS_CorpBond__oid1203079,DEA19P9C=SG/SGF,S,400000,121.04,CorpBond_trader85,400000,FI_EXCHANGE
cancelled,2015.05.01D11:06:57.407642257,BAS_CorpBond__oid1203082,DEA19P9C=SG/SGF,B,400000,119.38,CorpBond_trader462,400000,FI_EXCHANGE
cancelled,2015.05.01D11:06:57.407642257,BAS_CorpBond__oid1203083,DEA19P9C=SG/SGF,S,400000,121.04,CorpBond_trader463,400000,FI_EXCHANGE
new,2015.05.01D11:07:02.447667440,BAS_CorpBond__oid1203219,DEA19P9C=SG/SGF,B,400000,119.37,CorpBond_trader86,400000,FI_EXCHANGE
new,2015.05.01D11:07:02.447667440,BAS_CorpBond__oid1203220,DEA19P9C=SG/SGF,S,400000,121.04,CorpBond_demoTrader,400000,FI_EXCHANGE
new,2015.05.01D11:07:02.487854356,BAS_CorpBond__oid1203238,DEA19P9C=SG/SGF,B,400000,119.37,CorpBond_trader464,400000,FI_EXCHANGE
new,2015.05.01D11:07:02.487854356,BAS_CorpBond__oid1203239,DEA19P9C=SG/SGF,S,400000,121.04,CorpBond_trader465,400000,FI_EXCHANGE
cancelled,2015.05.01D11:07:03.447667440,BAS_CorpBond__oid1203219,DEA19P9C=SG/SGF,B,400000,119.37,CorpBond_trader86,400000,FI_EXCHANGE
replaced,2015.05.01D11:07:03.447667440,BAS_CorpBond__oid1203220,DEA19P9C=SG/SGF,S,400000,121.04,CorpBond_demoTrader,400000,FI_EXCHANGE
replaced,2015.05.01D11:07:03.487854356,BAS_CorpBond__oid1203239,DEA19P9C=SG/SGF,S,439541,121.04,CorpBond_trader465,439541,FI_EXCHANGE
cancelled,2015.05.01D11:07:03.487854356,BAS_CorpBond__oid1203238,DEA19P9C=SG/SGF,B,400000,119.37,CorpBond_trader464,400000,FI_EXCHANGE
cancelled,2015.05.01D11:07:04.487854356,BAS_CorpBond__oid1203239,DEA19P9C=SG/SGF,S,439541,121.04,CorpBond_trader465,439541,FI_EXCHANGE
new,2015.05.01D11:07:08.731697448,BAS_CorpBond__oid1203549,DEA19P9C=SG/SGF,B,400000,119.37,CorpBond_trader88,400000,FI_EXCHANGE
new,2015.05.01D11:07:08.731697448,BAS_CorpBond__oid1203550,DEA19P9C=SG/SGF,S,400000,120.8,CorpBond_demoTrader,400000,FI_EXCHANGE
new,2015.05.01D11:07:08.800294471,BAS_CorpBond__oid1203555,DEA19P9C=SG/SGF,B,400000,119.37,CorpBond_trader466,400000,FI_EXCHANGE
new,2015.05.01D11:07:08.800294471,BAS_CorpBond__oid1203556,DEA19P9C=SG/SGF,S,400000,120.8,CorpBond_trader467,400000,FI_EXCHANGE
cancelled,2015.05.01D11:07:09.731697448,BAS_CorpBond__oid1203549,DEA19P9C=SG/SGF,B,400000,119.37,CorpBond_trader88,400000,FI_EXCHANGE
replaced,2015.05.01D11:07:09.731697448,BAS_CorpBond__oid1203550,DEA19P9C=SG/SGF,S,400000,120.8,CorpBond_demoTrader,400000,FI_EXCHANGE
cancelled,2015.05.01D11:07:09.800294471,BAS_CorpBond__oid1203555,DEA19P9C=SG/SGF,B,400000,119.37,CorpBond_trader466,400000,FI_EXCHANGE
cancelled,2015.05.01D11:07:09.800294471,BAS_CorpBond__oid1203556,DEA19P9C=SG/SGF,S,400000,120.8,CorpBond_trader467,400000,FI_EXCHANGE
new,2015.05.01D11:07:14.655334961,BAS_CorpBond__oid1203701,DEA19P9C=SG/SGF,B,400000,119.39,CorpBond_trader90,400000,FI_EXCHANGE
new,2015.05.01D11:07:14.655334961,BAS_CorpBond__oid1203702,DEA19P9C=SG/SGF,S,400000,120.8,CorpBond_trader91,400000,FI_EXCHANGE
new,2015.05.01D11:07:14.703202757,BAS_CorpBond__oid1203707,DEA19P9C=SG/SGF,B,400000,119.39,CorpBond_trader468,400000,FI_EXCHANGE
new,2015.05.01D11:07:14.703202757,BAS_CorpBond__oid1203708,DEA19P9C=SG/SGF,S,400000,120.8,CorpBond_trader469,400000,FI_EXCHANGE
replaced,2015.05.01D11:07:15.655334961,BAS_CorpBond__oid1203701,DEA19P9C=SG/SGF,B,417897,119.39,CorpBond_trader90,417897,FI_EXCHANGE
partiallyFilled,2015.05.01D11:07:15.655334961,BAS_CorpBond__oid1203701,DEA19P9C=SG/SGF,B,400000,119.39,CorpBond_trader90,392709,FI_EXCHANGE
cancelled,2015.05.01D11:07:15.655334961,BAS_CorpBond__oid1203702,DEA19P9C=SG/SGF,S,400000,120.8,CorpBond_trader91,400000,FI_EXCHANGE
cancelled,2015.05.01D11:07:15.703202757,BAS_CorpBond__oid1203707,DEA19P9C=SG/SGF,B,400000,119.39,CorpBond_trader468,400000,FI_EXCHANGE
cancelled,2015.05.01D11:07:15.703202757,BAS_CorpBond__oid1203708,DEA19P9C=SG/SGF,S,400000,120.8,CorpBond_trader469,400000,FI_EXCHANGE
cancelled,2015.05.01D11:07:16.655334961,BAS_CorpBond__oid1203701,DEA19P9C=SG/SGF,B,400000,119.39,CorpBond_trader90,392709,FI_EXCHANGE
new,2015.05.01D11:07:20.791737620,BAS_CorpBond__oid1203858,DEA19P9C=SG/SGF,B,400000,119.38,CorpBond_trader92,400000,FI_EXCHANGE
new,2015.05.01D11:07:20.791737620,BAS_CorpBond__oid1203859,DEA19P9C=SG/SGF,S,400000,120.8,CorpBond_trader93,400000,FI_EXCHANGE
new,2015.05.01D11:07:20.864129692,BAS_CorpBond__oid1203860,DEA19P9C=SG/SGF,B,400000,119.38,CorpBond_trader470,400000,FI_EXCHANGE
new,2015.05.01D11:07:20.864129692,BAS_CorpBond__oid1203861,DEA19P9C=SG/SGF,S,400000,120.8,CorpBond_trader471,400000,FI_EXCHANGE
cancelled,2015.05.01D11:07:21.791737620,BAS_CorpBond__oid1203858,DEA19P9C=SG/SGF,B,400000,119.38,CorpBond_trader92,400000,FI_EXCHANGE
cancelled,2015.05.01D11:07:21.791737620,BAS_CorpBond__oid1203859,DEA19P9C=SG/SGF,S,400000,120.8,CorpBond_trader93,400000,FI_EXCHANGE
partiallyFilled,2015.05.01D11:07:21.864129692,BAS_CorpBond__oid1203860,DEA19P9C=SG/SGF,B,400000,119.38,CorpBond_trader470,361703,FI_EXCHANGE
cancelled,2015.05.01D11:07:21.864129692,BAS_CorpBond__oid1203861,DEA19P9C=SG/SGF,S,400000,120.8,CorpBond_trader471,400000,FI_EXCHANGE
cancelled,2015.05.01D11:07:22.864129692,BAS_CorpBond__oid1203860,DEA19P9C=SG/SGF,B,400000,119.38,CorpBond_trader470,361703,FI_EXCHANGE
new,2015.05.01D11:07:34.307570499,BAS_CorpBond__oid1204393,DEA19P9C=SG/SGF,B,400000,119.37,CorpBond_trader94,400000,FI_EXCHANGE
new,2015.05.01D11:07:34.307570499,BAS_CorpBond__oid1204394,DEA19P9C=SG/SGF,S,400000,121.04,CorpBond_trader95,400000,FI_EXCHANGE
new,2015.05.01D11:07:34.323064491,BAS_CorpBond__oid1204395,DEA19P9C=SG/SGF,B,400000,119.37,CorpBond_trader472,400000,FI_EXCHANGE
new,2015.05.01D11:07:34.323064491,BAS_CorpBond__oid1204396,DEA19P9C=SG/SGF,S,400000,121.04,CorpBond_trader473,400000,FI_EXCHANGE
cancelled,2015.05.01D11:07:35.307570499,BAS_CorpBond__oid1204393,DEA19P9C=SG/SGF,B,400000,119.37,CorpBond_trader94,400000,FI_EXCHANGE
cancelled,2015.05.01D11:07:35.307570499,BAS_CorpBond__oid1204394,DEA19P9C=SG/SGF,S,400000,121.04,CorpBond_trader95,400000,FI_EXCHANGE
cancelled,2015.05.01D11:07:35.323064491,BAS_CorpBond__oid1204395,DEA19P9C=SG/SGF,B,400000,119.37,CorpBond_trader472,400000,FI_EXCHANGE
cancelled,2015.05.01D11:07:35.323064491,BAS_CorpBond__oid1204396,DEA19P9C=SG/SGF,S,400000,121.04,CorpBond_trader473,400000,FI_EXCHANGE
new,2015.05.01D11:07:52.315155120,BAS_CorpBond__oid1205019,DEA19P9C=SG/SGF,B,400000,119.38,CorpBond_trader96,400000,FI_EXCHANGE
new,2015.05.01D11:07:52.315155120,BAS_CorpBond__oid1205020,DEA19P9C=SG/SGF,S,400000,121.04,CorpBond_demoTrader,400000,FI_EXCHANGE
new,2015.05.01D11:07:52.442528906,BAS_CorpBond__oid1205025,DEA19P9C=SG/SGF,B,400000,119.38,CorpBond_trader474,400000,FI_EXCHANGE
new,2015.05.01D11:07:52.442528906,BAS_CorpBond__oid1205026,DEA19P9C=SG/SGF,S,400000,121.04,CorpBond_trader475,400000,FI_EXCHANGE
cancelled,2015.05.01D11:07:53.315155120,BAS_CorpBond__oid1205019,DEA19P9C=SG/SGF,B,400000,119.38,CorpBond_trader96,400000,FI_EXCHANGE
replaced,2015.05.01D11:07:53.315155120,BAS_CorpBond__oid1205020,DEA19P9C=SG/SGF,S,400000,121.04,CorpBond_demoTrader,400000,FI_EXCHANGE
cancelled,2015.05.01D11:07:53.442528906,BAS_CorpBond__oid1205025,DEA19P9C=SG/SGF,B,400000,119.38,CorpBond_trader474,400000,FI_EXCHANGE
cancelled,2015.05.01D11:07:53.442528906,BAS_CorpBond__oid1205026,DEA19P9C=SG/SGF,S,400000,121.04,CorpBond_trader475,400000,FI_EXCHANGE
new,2015.05.01D11:07:58.416246146,BAS_CorpBond__oid1205479,DEA19P9C=SG/SGF,B,400000,119.38,CorpBond_trader98,400000,FI_EXCHANGE
new,2015.05.01D11:07:58.416246146,BAS_CorpBond__oid1205480,DEA19P9C=SG/SGF,S,400000,120.79,CorpBond_demoTrader,400000,FI_EXCHANGE
new,2015.05.01D11:07:58.438693505,BAS_CorpBond__oid1205481,DEA19P9C=SG/SGF,B,400000,119.38,CorpBond_trader476,400000,FI_EXCHANGE
new,2015.05.01D11:07:58.438693505,BAS_CorpBond__oid1205482,DEA19P9C=SG/SGF,S,400000,120.79,CorpBond_trader477,400000,FI_EXCHANGE
cancelled,2015.05.01D11:07:59.416246146,BAS_CorpBond__oid1205479,DEA19P9C=SG/SGF,B,400000,119.38,CorpBond_trader98,400000,FI_EXCHANGE
replaced,2015.05.01D11:07:59.416246146,BAS_CorpBond__oid1205480,DEA19P9C=SG/SGF,S,400000,120.79,CorpBond_demoTrader,400000,FI_EXCHANGE
cancelled,2015.05.01D11:07:59.438693505,BAS_CorpBond__oid1205481,DEA19P9C=SG/SGF,B,400000,119.38,CorpBond_trader476,400000,FI_EXCHANGE
cancelled,2015.05.01D11:07:59.438693505,BAS_CorpBond__oid1205482,DEA19P9C=SG/SGF,S,400000,120.79,CorpBond_trader477,400000,FI_EXCHANGE
new,2015.05.01D11:08:16.667455258,BAS_CorpBond__oid1206444,DEA19P9C=SG/SGF,B,400000,119.37,CorpBond_trader100,400000,FI_EXCHANGE
new,2015.05.01D11:08:16.667455258,BAS_CorpBond__oid1206445,DEA19P9C=SG/SGF,S,400000,121.03,CorpBond_trader101,400000,FI_EXCHANGE
new,2015.05.01D11:08:16.726423949,BAS_CorpBond__oid1206452,DEA19P9C=SG/SGF,B,400000,119.37,CorpBond_trader478,400000,FI_EXCHANGE
new,2015.05.01D11:08:16.726423949,BAS_CorpBond__oid1206453,DEA19P9C=SG/SGF,S,400000,121.03,CorpBond_trader479,400000,FI_EXCHANGE
partiallyFilled,2015.05.01D11:08:17.667455258,BAS_CorpBond__oid1206444,DEA19P9C=SG/SGF,B,400000,119.37,CorpBond_trader100,355391,FI_EXCHANGE
cancelled,2015.05.01D11:08:17.667455258,BAS_CorpBond__oid1206445,DEA19P9C=SG/SGF,S,400000,121.03,CorpBond_trader101,400000,FI_EXCHANGE
cancelled,2015.05.01D11:08:17.726423949,BAS_CorpBond__oid1206452,DEA19P9C=SG/SGF,B,400000,119.37,CorpBond_trader478,400000,FI_EXCHANGE
cancelled,2015.05.01D11:08:17.726423949,BAS_CorpBond__oid1206453,DEA19P9C=SG/SGF,S,400000,121.03,CorpBond_trader479,400000,FI_EXCHANGE
cancelled,2015.05.01D11:08:18.667455258,BAS_CorpBond__oid1206444,DEA19P9C=SG/SGF,B,400000,119.37,CorpBond_trader100,355391,FI_EXCHANGE
new,2015.05.01D11:08:30.359608436,BAS_CorpBond__oid1207071,DEA19P9C=SG/SGF,B,400000,119.36,CorpBond_trader102,400000,FI_EXCHANGE
new,2015.05.01D11:08:30.359608436,BAS_CorpBond__oid1207072,DEA19P9C=SG/SGF,S,400000,121.03,CorpBond_trader103,400000,FI_EXCHANGE
new,2015.05.01D11:08:30.374946228,BAS_CorpBond__oid1207075,DEA19P9C=SG/SGF,B,400000,119.36,CorpBond_trader480,400000,FI_EXCHANGE
new,2015.05.01D11:08:30.374946228,BAS_CorpBond__oid1207076,DEA19P9C=SG/SGF,S,400000,121.03,CorpBond_trader481,400000,FI_EXCHANGE
cancelled,2015.05.01D11:08:31.359608436,BAS_CorpBond__oid1207071,DEA19P9C=SG/SGF,B,400000,119.36,CorpBond_trader102,400000,FI_EXCHANGE
cancelled,2015.05.01D11:08:31.359608436,BAS_CorpBond__oid1207072,DEA19P9C=SG/SGF,S,400000,121.03,CorpBond_trader103,400000,FI_EXCHANGE
replaced,2015.05.01D11:08:31.374946228,BAS_CorpBond__oid1207075,DEA19P9C=SG/SGF,B,401949,119.36,CorpBond_trader480,401949,FI_EXCHANGE
partiallyFilled,2015.05.01D11:08:31.374946228,BAS_CorpBond__oid1207075,DEA19P9C=SG/SGF,B,400000,119.36,CorpBond_trader480,355694,FI_EXCHANGE
cancelled,2015.05.01D11:08:31.374946228,BAS_CorpBond__oid1207076,DEA19P9C=SG/SGF,S,400000,121.03,CorpBond_trader481,400000,FI_EXCHANGE
cancelled,2015.05.01D11:08:32.374946228,BAS_CorpBond__oid1207075,DEA19P9C=SG/SGF,B,400000,119.36,CorpBond_trader480,355694,FI_EXCHANGE
new,2015.05.01D11:08:36.278982350,BAS_CorpBond__oid1207340,DEA19P9C=SG/SGF,B,400000,119.35,CorpBond_trader104,400000,FI_EXCHANGE
new,2015.05.01D11:08:36.278982350,BAS_CorpBond__oid1207341,DEA19P9C=SG/SGF,S,400000,121.03,CorpBond_trader105,400000,FI_EXCHANGE
new,2015.05.01D11:08:36.338126241,BAS_CorpBond__oid1207342,DEA19P9C=SG/SGF,B,400000,119.35,CorpBond_trader482,400000,FI_EXCHANGE
new,2015.05.01D11:08:36.338126241,BAS_CorpBond__oid1207343,DEA19P9C=SG/SGF,S,400000,121.03,CorpBond_trader483,400000,FI_EXCHANGE
replaced,2015.05.01D11:08:37.278982350,BAS_CorpBond__oid1207341,DEA19P9C=SG/SGF,S,435585,121.03,CorpBond_trader105,435585,FI_EXCHANGE
cancelled,2015.05.01D11:08:37.278982350,BAS_CorpBond__oid1207340,DEA19P9C=SG/SGF,B,400000,119.35,CorpBond_trader104,400000,FI_EXCHANGE
cancelled,2015.05.01D11:08:37.338126241,BAS_CorpBond__oid1207342,DEA19P9C=SG/SGF,B,400000,119.35,CorpBond_trader482,400000,FI_EXCHANGE
cancelled,2015.05.01D11:08:37.338126241,BAS_CorpBond__oid1207343,DEA19P9C=SG/SGF,S,400000,121.03,CorpBond_trader483,400000,FI_EXCHANGE
cancelled,2015.05.01D11:08:38.278982350,BAS_CorpBond__oid1207341,DEA19P9C=SG/SGF,S,435585,121.03,CorpBond_trader105,435585,FI_EXCHANGE
new,2015.05.01D11:08:42.323420843,BAS_CorpBond__oid1207443,DEA19P9C=SG/SGF,B,400000,119.34,CorpBond_trader106,400000,FI_EXCHANGE
new,2015.05.01D11:08:42.323420843,BAS_CorpBond__oid1207444,DEA19P9C=SG/SGF,S,400000,121.03,CorpBond_trader107,400000,FI_EXCHANGE
new,2015.05.01D11:08:42.453790436,BAS_CorpBond__oid1207457,DEA19P9C=SG/SGF,B,400000,119.34,CorpBond_trader484,400000,FI_EXCHANGE
new,2015.05.01D11:08:42.453790436,BAS_CorpBond__oid1207458,DEA19P9C=SG/SGF,S,400000,121.03,CorpBond_trader485,400000,FI_EXCHANGE
cancelled,2015.05.01D11:08:43.323420843,BAS_CorpBond__oid1207443,DEA19P9C=SG/SGF,B,400000,119.34,CorpBond_trader106,400000,FI_EXCHANGE
cancelled,2015.05.01D11:08:43.323420843,BAS_CorpBond__oid1207444,DEA19P9C=SG/SGF,S,400000,121.03,CorpBond_trader107,400000,FI_EXCHANGE
cancelled,2015.05.01D11:08:43.453790436,BAS_CorpBond__oid1207457,DEA19P9C=SG/SGF,B,400000,119.34,CorpBond_trader484,400000,FI_EXCHANGE
cancelled,2015.05.01D11:08:43.453790436,BAS_CorpBond__oid1207458,DEA19P9C=SG/SGF,S,400000,121.03,CorpBond_trader485,400000,FI_EXCHANGE
new,2015.05.01D11:08:48.431858862,BAS_CorpBond__oid1207774,DEA19P9C=SG/SGF,B,400000,119.34,CorpBond_trader108,400000,FI_EXCHANGE
new,2015.05.01D11:08:48.431858862,BAS_CorpBond__oid1207775,DEA19P9C=SG/SGF,S,400000,121.02,CorpBond_trader109,400000,FI_EXCHANGE
new,2015.05.01D11:08:48.481610990,BAS_CorpBond__oid1207780,DEA19P9C=SG/SGF,B,400000,119.34,CorpBond_trader486,400000,FI_EXCHANGE
new,2015.05.01D11:08:48.481610990,BAS_CorpBond__oid1207781,DEA19P9C=SG/SGF,S,400000,121.02,CorpBond_trader487,400000,FI_EXCHANGE
cancelled,2015.05.01D11:08:49.431858862,BAS_CorpBond__oid1207774,DEA19P9C=SG/SGF,B,400000,119.34,CorpBond_trader108,400000,FI_EXCHANGE
cancelled,2015.05.01D11:08:49.431858862,BAS_CorpBond__oid1207775,DEA19P9C=SG/SGF,S,400000,121.02,CorpBond_trader109,400000,FI_EXCHANGE
cancelled,2015.05.01D11:08:49.481610990,BAS_CorpBond__oid1207780,DEA19P9C=SG/SGF,B,400000,119.34,CorpBond_trader486,400000,FI_EXCHANGE
cancelled,2015.05.01D11:08:49.481610990,BAS_CorpBond__oid1207781,DEA19P9C=SG/SGF,S,400000,121.02,CorpBond_trader487,400000,FI_EXCHANGE
new,2015.05.01D11:09:13.774745004,BAS_CorpBond__oid1208947,DEA19P9C=SG/SGF,B,400000,119.34,CorpBond_trader110,400000,FI_EXCHANGE
new,2015.05.01D11:09:13.774745004,BAS_CorpBond__oid1208948,DEA19P9C=SG/SGF,S,400000,120.75,CorpBond_trader111,400000,FI_EXCHANGE
new,2015.05.01D11:09:13.820974317,BAS_CorpBond__oid1208953,DEA19P9C=SG/SGF,B,400000,119.34,CorpBond_trader488,400000,FI_EXCHANGE
new,2015.05.01D11:09:13.820974317,BAS_CorpBond__oid1208954,DEA19P9C=SG/SGF,S,400000,120.75,CorpBond_trader489,400000,FI_EXCHANGE
partiallyFilled,2015.05.01D11:09:14.774745004,BAS_CorpBond__oid1208947,DEA19P9C=SG/SGF,B,400000,119.34,CorpBond_trader110,383070,FI_EXCHANGE
cancelled,2015.05.01D11:09:14.774745004,BAS_CorpBond__oid1208948,DEA19P9C=SG/SGF,S,400000,120.75,CorpBond_trader111,400000,FI_EXCHANGE
cancelled,2015.05.01D11:09:14.820974317,BAS_CorpBond__oid1208953,DEA19P9C=SG/SGF,B,400000,119.34,CorpBond_trader488,400000,FI_EXCHANGE
cancelled,2015.05.01D11:09:14.820974317,BAS_CorpBond__oid1208954,DEA19P9C=SG/SGF,S,400000,120.75,CorpBond_trader489,400000,FI_EXCHANGE
cancelled,2015.05.01D11:09:15.774745004,BAS_CorpBond__oid1208947,DEA19P9C=SG/SGF,B,400000,119.34,CorpBond_trader110,383070,FI_EXCHANGE
new,2015.05.01D11:09:19.862668703,BAS_CorpBond__oid1209483,DEA19P9C=SG/SGF,B,400000,119.34,CorpBond_trader112,400000,FI_EXCHANGE
new,2015.05.01D11:09:19.862668703,BAS_CorpBond__oid1209484,DEA19P9C=SG/SGF,S,400000,121.02,CorpBond_trader113,400000,FI_EXCHANGE
new,2015.05.01D11:09:19.876761292,BAS_CorpBond__oid1209491,DEA19P9C=SG/SGF,B,400000,119.34,CorpBond_trader490,400000,FI_EXCHANGE
new,2015.05.01D11:09:19.876761292,BAS_CorpBond__oid1209492,DEA19P9C=SG/SGF,S,400000,121.02,CorpBond_trader491,400000,FI_EXCHANGE
cancelled,2015.05.01D11:09:20.862668703,BAS_CorpBond__oid1209483,DEA19P9C=SG/SGF,B,400000,119.34,CorpBond_trader112,400000,FI_EXCHANGE
cancelled,2015.05.01D11:09:20.862668703,BAS_CorpBond__oid1209484,DEA19P9C=SG/SGF,S,400000,121.02,CorpBond_trader113,400000,FI_EXCHANGE
partiallyFilled,2015.05.01D11:09:20.876761292,BAS_CorpBond__oid1209491,DEA19P9C=SG/SGF,B,400000,119.34,CorpBond_trader490,389066,FI_EXCHANGE
cancelled,2015.05.01D11:09:20.876761292,BAS_CorpBond__oid1209492,DEA19P9C=SG/SGF,S,400000,121.02,CorpBond_trader491,400000,FI_EXCHANGE
cancelled,2015.05.01D11:09:21.876761292,BAS_CorpBond__oid1209491,DEA19P9C=SG/SGF,B,400000,119.34,CorpBond_trader490,389066,FI_EXCHANGE
new,2015.05.01D11:09:25.943035087,BAS_CorpBond__oid1209943,DEA19P9C=SG/SGF,B,400000,119.34,CorpBond_trader114,400000,FI_EXCHANGE
new,2015.05.01D11:09:25.943035087,BAS_CorpBond__oid1209944,DEA19P9C=SG/SGF,S,400000,120.75,CorpBond_trader115,400000,FI_EXCHANGE
new,2015.05.01D11:09:26.013803035,BAS_CorpBond__oid1209951,DEA19P9C=SG/SGF,B,400000,119.34,CorpBond_trader492,400000,FI_EXCHANGE
new,2015.05.01D11:09:26.013803035,BAS_CorpBond__oid1209952,DEA19P9C=SG/SGF,S,400000,120.75,CorpBond_trader493,400000,FI_EXCHANGE
cancelled,2015.05.01D11:09:26.943035087,BAS_CorpBond__oid1209943,DEA19P9C=SG/SGF,B,400000,119.34,CorpBond_trader114,400000,FI_EXCHANGE
cancelled,2015.05.01D11:09:26.943035087,BAS_CorpBond__oid1209944,DEA19P9C=SG/SGF,S,400000,120.75,CorpBond_trader115,400000,FI_EXCHANGE
cancelled,2015.05.01D11:09:27.013803035,BAS_CorpBond__oid1209951,DEA19P9C=SG/SGF,B,400000,119.34,CorpBond_trader492,400000,FI_EXCHANGE
cancelled,2015.05.01D11:09:27.013803035,BAS_CorpBond__oid1209952,DEA19P9C=SG/SGF,S,400000,120.75,CorpBond_trader493,400000,FI_EXCHANGE
new,2015.05.01D11:10:14.690405907,BAS_CorpBond__oid1212258,DEA19P9C=SG/SGF,B,400000,119.34,CorpBond_trader116,400000,FI_EXCHANGE
new,2015.05.01D11:10:14.690405907,BAS_CorpBond__oid1212259,DEA19P9C=SG/SGF,S,400000,121.01,CorpBond_trader117,400000,FI_EXCHANGE
new,2015.05.01D11:10:14.747811107,BAS_CorpBond__oid1212260,DEA19P9C=SG/SGF,B,400000,119.34,CorpBond_trader494,400000,FI_EXCHANGE
new,2015.05.01D11:10:14.747811107,BAS_CorpBond__oid1212261,DEA19P9C=SG/SGF,S,400000,121.01,CorpBond_trader495,400000,FI_EXCHANGE
cancelled,2015.05.01D11:10:15.690405907,BAS_CorpBond__oid1212258,DEA19P9C=SG/SGF,B,400000,119.34,CorpBond_trader116,400000,FI_EXCHANGE
cancelled,2015.05.01D11:10:15.690405907,BAS_CorpBond__oid1212259,DEA19P9C=SG/SGF,S,400000,121.01,CorpBond_trader117,400000,FI_EXCHANGE
replaced,2015.05.01D11:10:15.747811107,BAS_CorpBond__oid1212261,DEA19P9C=SG/SGF,S,413101,121.01,CorpBond_trader495,413101,FI_EXCHANGE
cancelled,2015.05.01D11:10:15.747811107,BAS_CorpBond__oid1212260,DEA19P9C=SG/SGF,B,400000,119.34,CorpBond_trader494,400000,FI_EXCHANGE
cancelled,2015.05.01D11:10:16.747811107,BAS_CorpBond__oid1212261,DEA19P9C=SG/SGF,S,413101,121.01,CorpBond_trader495,413101,FI_EXCHANGE
new,2015.05.01D11:10:27.954046505,BAS_CorpBond__oid1213091,DEA19P9C=SG/SGF,B,400000,119.35,CorpBond_trader118,400000,FI_EXCHANGE
new,2015.05.01D11:10:27.954046505,BAS_CorpBond__oid1213092,DEA19P9C=SG/SGF,S,400000,121.01,CorpBond_trader119,400000,FI_EXCHANGE
new,2015.05.01D11:10:28.007301064,BAS_CorpBond__oid1213163,DEA19P9C=SG/SGF,B,400000,119.35,CorpBond_trader496,400000,FI_EXCHANGE
new,2015.05.01D11:10:28.007301064,BAS_CorpBond__oid1213164,DEA19P9C=SG/SGF,S,400000,121.01,CorpBond_trader497,400000,FI_EXCHANGE
cancelled,2015.05.01D11:10:28.954046505,BAS_CorpBond__oid1213091,DEA19P9C=SG/SGF,B,400000,119.35,CorpBond_trader118,400000,FI_EXCHANGE
cancelled,2015.05.01D11:10:28.954046505,BAS_CorpBond__oid1213092,DEA19P9C=SG/SGF,S,400000,121.01,CorpBond_trader119,400000,FI_EXCHANGE
cancelled,2015.05.01D11:10:29.007301064,BAS_CorpBond__oid1213163,DEA19P9C=SG/SGF,B,400000,119.35,CorpBond_trader496,400000,FI_EXCHANGE
cancelled,2015.05.01D11:10:29.007301064,BAS_CorpBond__oid1213164,DEA19P9C=SG/SGF,S,400000,121.01,CorpBond_trader497,400000,FI_EXCHANGE
new,2015.05.01D11:10:34.142481505,BAS_CorpBond__oid1213525,DEA19P9C=SG/SGF,B,400000,119.34,CorpBond_trader120,400000,FI_EXCHANGE
new,2015.05.01D11:10:34.142481505,BAS_CorpBond__oid1213526,DEA19P9C=SG/SGF,S,400000,121.01,CorpBond_trader121,400000,FI_EXCHANGE
new,2015.05.01D11:10:34.191856032,BAS_CorpBond__oid1213527,DEA19P9C=SG/SGF,B,400000,119.34,CorpBond_trader498,400000,FI_EXCHANGE
new,2015.05.01D11:10:34.191856032,BAS_CorpBond__oid1213528,DEA19P9C=SG/SGF,S,400000,121.01,CorpBond_trader499,400000,FI_EXCHANGE
replaced,2015.05.01D11:10:35.142481505,BAS_CorpBond__oid1213525,DEA19P9C=SG/SGF,B,433588,119.34,CorpBond_trader120,433588,FI_EXCHANGE
partiallyFilled,2015.05.01D11:10:35.142481505,BAS_CorpBond__oid1213525,DEA19P9C=SG/SGF,B,400000,119.34,CorpBond_trader120,390148,FI_EXCHANGE
cancelled,2015.05.01D11:10:35.142481505,BAS_CorpBond__oid1213526,DEA19P9C=SG/SGF,S,400000,121.01,CorpBond_trader121,400000,FI_EXCHANGE
cancelled,2015.05.01D11:10:35.191856032,BAS_CorpBond__oid1213527,DEA19P9C=SG/SGF,B,400000,119.34,CorpBond_trader498,400000,FI_EXCHANGE
cancelled,2015.05.01D11:10:35.191856032,BAS_CorpBond__oid1213528,DEA19P9C=SG/SGF,S,400000,121.01,CorpBond_trader499,400000,FI_EXCHANGE
cancelled,2015.05.01D11:10:36.142481505,BAS_CorpBond__oid1213525,DEA19P9C=SG/SGF,B,400000,119.34,CorpBond_trader120,390148,FI_EXCHANGE
new,2015.05.01D11:12:02.157790950,BAS_CorpBond__oid1217505,DEA19P9C=SG/SGF,B,400000,119.34,CorpBond_demoTrader,400000,FI_EXCHANGE
new,2015.05.01D11:12:02.157790950,BAS_CorpBond__oid1217506,DEA19P9C=SG/SGF,S,400000,121.01,CorpBond_trader501,400000,FI_EXCHANGE
partiallyFilled,2015.05.01D11:12:03.157790950,BAS_CorpBond__oid1217505,DEA19P9C=SG/SGF,B,400000,119.34,CorpBond_demoTrader,380439,FI_EXCHANGE
cancelled,2015.05.01D11:12:03.157790950,BAS_CorpBond__oid1217506,DEA19P9C=SG/SGF,S,400000,121.01,CorpBond_trader501,400000,FI_EXCHANGE
cancelled,2015.05.01D11:12:04.157790950,BAS_CorpBond__oid1217505,DEA19P9C=SG/SGF,B,400000,119.34,CorpBond_demoTrader,380439,FI_EXCHANGE
new,2015.05.01D11:12:06.497220879,BAS_CorpBond__oid1217668,DEA19P9C=SG/SGF,B,400000,119.34,CorpBond_trader122,400000,FI_EXCHANGE
new,2015.05.01D11:12:06.497220879,BAS_CorpBond__oid1217669,DEA19P9C=SG/SGF,S,400000,121,CorpBond_trader123,400000,FI_EXCHANGE
new,2015.05.01D11:12:06.558920264,BAS_CorpBond__oid1217678,DEA19P9C=SG/SGF,B,400000,119.34,CorpBond_trader502,400000,FI_EXCHANGE
new,2015.05.01D11:12:06.558920264,BAS_CorpBond__oid1217679,DEA19P9C=SG/SGF,S,400000,121,CorpBond_trader503,400000,FI_EXCHANGE
cancelled,2015.05.01D11:12:07.497220879,BAS_CorpBond__oid1217668,DEA19P9C=SG/SGF,B,400000,119.34,CorpBond_trader122,400000,FI_EXCHANGE
cancelled,2015.05.01D11:12:07.497220879,BAS_CorpBond__oid1217669,DEA19P9C=SG/SGF,S,400000,121,CorpBond_trader123,400000,FI_EXCHANGE
cancelled,2015.05.01D11:12:07.558920264,BAS_CorpBond__oid1217678,DEA19P9C=SG/SGF,B,400000,119.34,CorpBond_trader502,400000,FI_EXCHANGE
cancelled,2015.05.01D11:12:07.558920264,BAS_CorpBond__oid1217679,DEA19P9C=SG/SGF,S,400000,121,CorpBond_trader503,400000,FI_EXCHANGE
new,2015.05.01D11:12:18.637638168,BAS_CorpBond__oid1218003,DEA19P9C=SG/SGF,B,400000,119.34,CorpBond_trader124,400000,FI_EXCHANGE
new,2015.05.01D11:12:18.637638168,BAS_CorpBond__oid1218004,DEA19P9C=SG/SGF,S,400000,120.99,CorpBond_trader125,400000,FI_EXCHANGE
new,2015.05.01D11:12:18.681418484,BAS_CorpBond__oid1218009,DEA19P9C=SG/SGF,B,400000,119.34,CorpBond_trader504,400000,FI_EXCHANGE
new,2015.05.01D11:12:18.681418484,BAS_CorpBond__oid1218010,DEA19P9C=SG/SGF,S,400000,120.99,CorpBond_demoTrader,400000,FI_EXCHANGE
cancelled,2015.05.01D11:12:19.637638168,BAS_CorpBond__oid1218003,DEA19P9C=SG/SGF,B,400000,119.34,CorpBond_trader124,400000,FI_EXCHANGE
cancelled,2015.05.01D11:12:19.637638168,BAS_CorpBond__oid1218004,DEA19P9C=SG/SGF,S,400000,120.99,CorpBond_trader125,400000,FI_EXCHANGE
cancelled,2015.05.01D11:12:19.681418484,BAS_CorpBond__oid1218009,DEA19P9C=SG/SGF,B,400000,119.34,CorpBond_trader504,400000,FI_EXCHANGE
replaced,2015.05.01D11:12:19.681418484,BAS_CorpBond__oid1218010,DEA19P9C=SG/SGF,S,400000,120.99,CorpBond_demoTrader,400000,FI_EXCHANGE
new,2015.05.01D11:12:30.801934683,BAS_CorpBond__oid1218479,DEA19P9C=SG/SGF,B,400000,119.33,CorpBond_trader126,400000,FI_EXCHANGE
new,2015.05.01D11:12:30.801934683,BAS_CorpBond__oid1218480,DEA19P9C=SG/SGF,S,400000,120.99,CorpBond_demoTrader,400000,FI_EXCHANGE
new,2015.05.01D11:12:30.853611135,BAS_CorpBond__oid1218483,DEA19P9C=SG/SGF,B,400000,119.33,CorpBond_trader506,400000,FI_EXCHANGE
new,2015.05.01D11:12:30.853611135,BAS_CorpBond__oid1218484,DEA19P9C=SG/SGF,S,400000,120.99,CorpBond_trader507,400000,FI_EXCHANGE
cancelled,2015.05.01D11:12:31.801934683,BAS_CorpBond__oid1218479,DEA19P9C=SG/SGF,B,400000,119.33,CorpBond_trader126,400000,FI_EXCHANGE
replaced,2015.05.01D11:12:31.801934683,BAS_CorpBond__oid1218480,DEA19P9C=SG/SGF,S,400000,120.99,CorpBond_demoTrader,400000,FI_EXCHANGE
cancelled,2015.05.01D11:12:31.853611135,BAS_CorpBond__oid1218483,DEA19P9C=SG/SGF,B,400000,119.33,CorpBond_trader506,400000,FI_EXCHANGE
cancelled,2015.05.01D11:12:31.853611135,BAS_CorpBond__oid1218484,DEA19P9C=SG/SGF,S,400000,120.99,CorpBond_trader507,400000,FI_EXCHANGE
new,2015.05.01D11:13:07.457632057,BAS_CorpBond__oid1219582,DEA19P9C=SG/SGF,B,400000,119.32,CorpBond_trader128,400000,FI_EXCHANGE
new,2015.05.01D11:13:07.457632057,BAS_CorpBond__oid1219583,DEA19P9C=SG/SGF,S,400000,120.99,CorpBond_trader129,400000,FI_EXCHANGE
new,2015.05.01D11:13:07.505138812,BAS_CorpBond__oid1219584,DEA19P9C=SG/SGF,B,400000,119.32,CorpBond_trader508,400000,FI_EXCHANGE
new,2015.05.01D11:13:07.505138812,BAS_CorpBond__oid1219585,DEA19P9C=SG/SGF,S,400000,120.99,CorpBond_trader509,400000,FI_EXCHANGE
cancelled,2015.05.01D11:13:08.457632057,BAS_CorpBond__oid1219582,DEA19P9C=SG/SGF,B,400000,119.32,CorpBond_trader128,400000,FI_EXCHANGE
cancelled,2015.05.01D11:13:08.457632057,BAS_CorpBond__oid1219583,DEA19P9C=SG/SGF,S,400000,120.99,CorpBond_trader129,400000,FI_EXCHANGE
cancelled,2015.05.01D11:13:08.505138812,BAS_CorpBond__oid1219584,DEA19P9C=SG/SGF,B,400000,119.32,CorpBond_trader508,400000,FI_EXCHANGE
cancelled,2015.05.01D11:13:08.505138812,BAS_CorpBond__oid1219585,DEA19P9C=SG/SGF,S,400000,120.99,CorpBond_trader509,400000,FI_EXCHANGE
new,2015.05.01D11:13:19.605471100,BAS_CorpBond__oid1220129,DEA19P9C=SG/SGF,B,400000,119.32,CorpBond_trader130,400000,FI_EXCHANGE
new,2015.05.01D11:13:19.605471100,BAS_CorpBond__oid1220130,DEA19P9C=SG/SGF,S,400000,120.98,CorpBond_demoTrader,400000,FI_EXCHANGE
new,2015.05.01D11:13:19.639625219,BAS_CorpBond__oid1220137,DEA19P9C=SG/SGF,B,400000,119.32,CorpBond_trader510,400000,FI_EXCHANGE
new,2015.05.01D11:13:19.639625219,BAS_CorpBond__oid1220138,DEA19P9C=SG/SGF,S,400000,120.98,CorpBond_trader511,400000,FI_EXCHANGE
partiallyFilled,2015.05.01D11:13:20.605471100,BAS_CorpBond__oid1220129,DEA19P9C=SG/SGF,B,400000,119.32,CorpBond_trader130,399766,FI_EXCHANGE
replaced,2015.05.01D11:13:20.605471100,BAS_CorpBond__oid1220130,DEA19P9C=SG/SGF,S,400000,120.98,CorpBond_demoTrader,400000,FI_EXCHANGE
replaced,2015.05.01D11:13:20.639625219,BAS_CorpBond__oid1220137,DEA19P9C=SG/SGF,B,402008,119.32,CorpBond_trader510,402008,FI_EXCHANGE
cancelled,2015.05.01D11:13:20.639625219,BAS_CorpBond__oid1220138,DEA19P9C=SG/SGF,S,400000,120.98,CorpBond_trader511,400000,FI_EXCHANGE
cancelled,2015.05.01D11:13:21.605471100,BAS_CorpBond__oid1220129,DEA19P9C=SG/SGF,B,400000,119.32,CorpBond_trader130,399766,FI_EXCHANGE
partiallyFilled,2015.05.01D11:13:21.639625219,BAS_CorpBond__oid1220137,DEA19P9C=SG/SGF,B,402008,119.32,CorpBond_trader510,368026,FI_EXCHANGE
cancelled,2015.05.01D11:13:22.639625219,BAS_CorpBond__oid1220137,DEA19P9C=SG/SGF,B,402008,119.32,CorpBond_trader510,368026,FI_EXCHANGE
new,2015.05.01D11:13:31.921555494,BAS_CorpBond__oid1220435,DEA19P9C=SG/SGF,B,400000,119.32,CorpBond_trader132,400000,FI_EXCHANGE
new,2015.05.01D11:13:31.921555494,BAS_CorpBond__oid1220436,DEA19P9C=SG/SGF,S,400000,120.97,CorpBond_trader133,400000,FI_EXCHANGE
new,2015.05.01D11:13:31.972839233,BAS_CorpBond__oid1220437,DEA19P9C=SG/SGF,B,400000,119.32,CorpBond_trader512,400000,FI_EXCHANGE
new,2015.05.01D11:13:31.972839233,BAS_CorpBond__oid1220438,DEA19P9C=SG/SGF,S,400000,120.97,CorpBond_trader513,400000,FI_EXCHANGE
cancelled,2015.05.01D11:13:32.921555494,BAS_CorpBond__oid1220435,DEA19P9C=SG/SGF,B,400000,119.32,CorpBond_trader132,400000,FI_EXCHANGE
cancelled,2015.05.01D11:13:32.921555494,BAS_CorpBond__oid1220436,DEA19P9C=SG/SGF,S,400000,120.97,CorpBond_trader133,400000,FI_EXCHANGE
cancelled,2015.05.01D11:13:32.972839233,BAS_CorpBond__oid1220437,DEA19P9C=SG/SGF,B,400000,119.32,CorpBond_trader512,400000,FI_EXCHANGE
cancelled,2015.05.01D11:13:32.972839233,BAS_CorpBond__oid1220438,DEA19P9C=SG/SGF,S,400000,120.97,CorpBond_trader513,400000,FI_EXCHANGE
new,2015.05.01D11:13:38.196810755,BAS_CorpBond__oid1220597,DEA19P9C=SG/SGF,B,400000,119.31,CorpBond_trader134,400000,FI_EXCHANGE
new,2015.05.01D11:13:38.196810755,BAS_CorpBond__oid1220598,DEA19P9C=SG/SGF,S,400000,120.97,CorpBond_trader135,400000,FI_EXCHANGE
new,2015.05.01D11:13:38.239357988,BAS_CorpBond__oid1220599,DEA19P9C=SG/SGF,B,400000,119.31,CorpBond_trader514,400000,FI_EXCHANGE
new,2015.05.01D11:13:38.239357988,BAS_CorpBond__oid1220600,DEA19P9C=SG/SGF,S,400000,120.97,CorpBond_demoTrader,400000,FI_EXCHANGE
replaced,2015.05.01D11:13:39.196810755,BAS_CorpBond__oid1220598,DEA19P9C=SG/SGF,S,406174,120.97,CorpBond_trader135,406174,FI_EXCHANGE
cancelled,2015.05.01D11:13:39.196810755,BAS_CorpBond__oid1220597,DEA19P9C=SG/SGF,B,400000,119.31,CorpBond_trader134,400000,FI_EXCHANGE
cancelled,2015.05.01D11:13:39.239357988,BAS_CorpBond__oid1220599,DEA19P9C=SG/SGF,B,400000,119.31,CorpBond_trader514,400000,FI_EXCHANGE
cancelled,2015.05.01D11:13:39.239357988,BAS_CorpBond__oid1220600,DEA19P9C=SG/SGF,S,400000,120.97,CorpBond_demoTrader,400000,FI_EXCHANGE
cancelled,2015.05.01D11:13:40.196810755,BAS_CorpBond__oid1220598,DEA19P9C=SG/SGF,S,406174,120.97,CorpBond_trader135,406174,FI_EXCHANGE
new,2015.05.01D11:14:15.532625245,BAS_CorpBond__oid1222698,DEA19P9C=SG/SGF,B,400000,119.3,CorpBond_trader136,400000,FI_EXCHANGE
new,2015.05.01D11:14:15.532625245,BAS_CorpBond__oid1222699,DEA19P9C=SG/SGF,S,400000,120.96,CorpBond_trader137,400000,FI_EXCHANGE
new,2015.05.01D11:14:15.610725744,BAS_CorpBond__oid1222704,DEA19P9C=SG/SGF,B,400000,119.3,CorpBond_trader516,400000,FI_EXCHANGE
new,2015.05.01D11:14:15.610725744,BAS_CorpBond__oid1222705,DEA19P9C=SG/SGF,S,400000,120.96,CorpBond_trader517,400000,FI_EXCHANGE
cancelled,2015.05.01D11:14:16.532625245,BAS_CorpBond__oid1222698,DEA19P9C=SG/SGF,B,400000,119.3,CorpBond_trader136,400000,FI_EXCHANGE
cancelled,2015.05.01D11:14:16.532625245,BAS_CorpBond__oid1222699,DEA19P9C=SG/SGF,S,400000,120.96,CorpBond_trader137,400000,FI_EXCHANGE
cancelled,2015.05.01D11:14:16.610725744,BAS_CorpBond__oid1222704,DEA19P9C=SG/SGF,B,400000,119.3,CorpBond_trader516,400000,FI_EXCHANGE
cancelled,2015.05.01D11:14:16.610725744,BAS_CorpBond__oid1222705,DEA19P9C=SG/SGF,S,400000,120.96,CorpBond_trader517,400000,FI_EXCHANGE
new,2015.05.01D11:14:26.696126383,BAS_CorpBond__oid1223429,DEA19P9C=SG/SGF,B,400000,119.3,CorpBond_trader138,400000,FI_EXCHANGE
new,2015.05.01D11:14:26.696126383,BAS_CorpBond__oid1223430,DEA19P9C=SG/SGF,S,400000,120.95,CorpBond_demoTrader,400000,FI_EXCHANGE
new,2015.05.01D11:14:26.759631828,BAS_CorpBond__oid1223433,DEA19P9C=SG/SGF,B,400000,119.3,CorpBond_trader518,400000,FI_EXCHANGE
new,2015.05.01D11:14:26.759631828,BAS_CorpBond__oid1223434,DEA19P9C=SG/SGF,S,400000,120.95,CorpBond_trader519,400000,FI_EXCHANGE
cancelled,2015.05.01D11:14:27.696126383,BAS_CorpBond__oid1223429,DEA19P9C=SG/SGF,B,400000,119.3,CorpBond_trader138,400000,FI_EXCHANGE
cancelled,2015.05.01D11:14:27.696126383,BAS_CorpBond__oid1223430,DEA19P9C=SG/SGF,S,400000,120.95,CorpBond_demoTrader,400000,FI_EXCHANGE
cancelled,2015.05.01D11:14:27.759631828,BAS_CorpBond__oid1223433,DEA19P9C=SG/SGF,B,400000,119.3,CorpBond_trader518,400000,FI_EXCHANGE
cancelled,2015.05.01D11:14:27.759631828,BAS_CorpBond__oid1223434,DEA19P9C=SG/SGF,S,400000,120.95,CorpBond_trader519,400000,FI_EXCHANGE
new,2015.05.01D11:14:32.792500039,BAS_CorpBond__oid1223811,DEA19P9C=SG/SGF,B,400000,119.3,CorpBond_trader140,400000,FI_EXCHANGE
new,2015.05.01D11:14:32.792500039,BAS_CorpBond__oid1223812,DEA19P9C=SG/SGF,S,400000,120.96,CorpBond_trader141,400000,FI_EXCHANGE
new,2015.05.01D11:14:32.834368343,BAS_CorpBond__oid1223817,DEA19P9C=SG/SGF,B,400000,119.3,CorpBond_trader520,400000,FI_EXCHANGE
new,2015.05.01D11:14:32.834368343,BAS_CorpBond__oid1223818,DEA19P9C=SG/SGF,S,400000,120.96,CorpBond_trader521,400000,FI_EXCHANGE
partiallyFilled,2015.05.01D11:14:33.792500039,BAS_CorpBond__oid1223811,DEA19P9C=SG/SGF,B,400000,119.3,CorpBond_trader140,379598,FI_EXCHANGE
cancelled,2015.05.01D11:14:33.792500039,BAS_CorpBond__oid1223812,DEA19P9C=SG/SGF,S,400000,120.96,CorpBond_trader141,400000,FI_EXCHANGE
partiallyFilled,2015.05.01D11:14:33.834368343,BAS_CorpBond__oid1223817,DEA19P9C=SG/SGF,B,400000,119.3,CorpBond_trader520,358389,FI_EXCHANGE
cancelled,2015.05.01D11:14:33.834368343,BAS_CorpBond__oid1223818,DEA19P9C=SG/SGF,S,400000,120.96,CorpBond_trader521,400000,FI_EXCHANGE
cancelled,2015.05.01D11:14:34.792500039,BAS_CorpBond__oid1223811,DEA19P9C=SG/SGF,B,400000,119.3,CorpBond_trader140,379598,FI_EXCHANGE
cancelled,2015.05.01D11:14:34.834368343,BAS_CorpBond__oid1223817,DEA19P9C=SG/SGF,B,400000,119.3,CorpBond_trader520,358389,FI_EXCHANGE
new,2015.05.01D11:15:04.296213073,BAS_CorpBond__oid1225024,DEA19P9C=SG/SGF,B,400000,119.31,CorpBond_trader142,400000,FI_EXCHANGE
new,2015.05.01D11:15:04.296213073,BAS_CorpBond__oid1225025,DEA19P9C=SG/SGF,S,400000,120.96,CorpBond_trader143,400000,FI_EXCHANGE
new,2015.05.01D11:15:04.357553793,BAS_CorpBond__oid1225034,DEA19P9C=SG/SGF,B,400000,119.31,CorpBond_trader522,400000,FI_EXCHANGE
new,2015.05.01D11:15:04.357553793,BAS_CorpBond__oid1225035,DEA19P9C=SG/SGF,S,400000,120.96,CorpBond_trader523,400000,FI_EXCHANGE
cancelled,2015.05.01D11:15:05.296213073,BAS_CorpBond__oid1225024,DEA19P9C=SG/SGF,B,400000,119.31,CorpBond_trader142,400000,FI_EXCHANGE
cancelled,2015.05.01D11:15:05.296213073,BAS_CorpBond__oid1225025,DEA19P9C=SG/SGF,S,400000,120.96,CorpBond_trader143,400000,FI_EXCHANGE
cancelled,2015.05.01D11:15:05.357553793,BAS_CorpBond__oid1225034,DEA19P9C=SG/SGF,B,400000,119.31,CorpBond_trader522,400000,FI_EXCHANGE
cancelled,2015.05.01D11:15:05.357553793,BAS_CorpBond__oid1225035,DEA19P9C=SG/SGF,S,400000,120.96,CorpBond_trader523,400000,FI_EXCHANGE
new,2015.05.01D11:15:10.448512611,BAS_CorpBond__oid1225535,DEA19P9C=SG/SGF,B,400000,119.3,CorpBond_trader144,400000,FI_EXCHANGE
new,2015.05.01D11:15:10.448512611,BAS_CorpBond__oid1225536,DEA19P9C=SG/SGF,S,400000,120.96,CorpBond_trader145,400000,FI_EXCHANGE
new,2015.05.01D11:15:10.510681693,BAS_CorpBond__oid1225539,DEA19P9C=SG/SGF,B,400000,119.3,CorpBond_trader524,400000,FI_EXCHANGE
new,2015.05.01D11:15:10.510681693,BAS_CorpBond__oid1225540,DEA19P9C=SG/SGF,S,400000,120.96,CorpBond_demoTrader,400000,FI_EXCHANGE
cancelled,2015.05.01D11:15:11.448512611,BAS_CorpBond__oid1225535,DEA19P9C=SG/SGF,B,400000,119.3,CorpBond_trader144,400000,FI_EXCHANGE
cancelled,2015.05.01D11:15:11.448512611,BAS_CorpBond__oid1225536,DEA19P9C=SG/SGF,S,400000,120.96,CorpBond_trader145,400000,FI_EXCHANGE
replaced,2015.05.01D11:15:11.510681693,BAS_CorpBond__oid1225540,DEA19P9C=SG/SGF,S,419263,120.96,CorpBond_demoTrader,419263,FI_EXCHANGE
cancelled,2015.05.01D11:15:11.510681693,BAS_CorpBond__oid1225539,DEA19P9C=SG/SGF,B,400000,119.3,CorpBond_trader524,400000,FI_EXCHANGE
replaced,2015.05.01D11:15:12.510681693,BAS_CorpBond__oid1225540,DEA19P9C=SG/SGF,S,466230,120.96,CorpBond_demoTrader,466230,FI_EXCHANGE
cancelled,2015.05.01D11:15:13.510681693,BAS_CorpBond__oid1225540,DEA19P9C=SG/SGF,S,466230,120.96,CorpBond_demoTrader,466230,FI_EXCHANGE
new,2015.05.01D11:15:16.520881435,BAS_CorpBond__oid1225749,DEA19P9C=SG/SGF,B,400000,119.32,CorpBond_trader146,400000,FI_EXCHANGE
new,2015.05.01D11:15:16.520881435,BAS_CorpBond__oid1225750,DEA19P9C=SG/SGF,S,400000,120.98,CorpBond_demoTrader,400000,FI_EXCHANGE
new,2015.05.01D11:15:16.570053314,BAS_CorpBond__oid1225755,DEA19P9C=SG/SGF,B,400000,119.32,CorpBond_trader526,400000,FI_EXCHANGE
new,2015.05.01D11:15:16.570053314,BAS_CorpBond__oid1225756,DEA19P9C=SG/SGF,S,400000,120.98,CorpBond_trader527,400000,FI_EXCHANGE
cancelled,2015.05.01D11:15:17.520881435,BAS_CorpBond__oid1225749,DEA19P9C=SG/SGF,B,400000,119.32,CorpBond_trader146,400000,FI_EXCHANGE
cancelled,2015.05.01D11:15:17.520881435,BAS_CorpBond__oid1225750,DEA19P9C=SG/SGF,S,400000,120.98,CorpBond_demoTrader,400000,FI_EXCHANGE
cancelled,2015.05.01D11:15:17.570053314,BAS_CorpBond__oid1225755,DEA19P9C=SG/SGF,B,400000,119.32,CorpBond_trader526,400000,FI_EXCHANGE
cancelled,2015.05.01D11:15:17.570053314,BAS_CorpBond__oid1225756,DEA19P9C=SG/SGF,S,400000,120.98,CorpBond_trader527,400000,FI_EXCHANGE
new,2015.05.01D11:15:29.740546485,BAS_CorpBond__oid1226406,DEA19P9C=SG/SGF,B,400000,119.31,CorpBond_trader148,400000,FI_EXCHANGE
new,2015.05.01D11:15:29.740546485,BAS_CorpBond__oid1226407,DEA19P9C=SG/SGF,S,400000,120.98,CorpBond_trader149,400000,FI_EXCHANGE
new,2015.05.01D11:15:29.789997956,BAS_CorpBond__oid1226414,DEA19P9C=SG/SGF,B,400000,119.31,CorpBond_trader528,400000,FI_EXCHANGE
new,2015.05.01D11:15:29.789997956,BAS_CorpBond__oid1226415,DEA19P9C=SG/SGF,S,400000,120.98,CorpBond_trader529,400000,FI_EXCHANGE
cancelled,2015.05.01D11:15:30.740546485,BAS_CorpBond__oid1226406,DEA19P9C=SG/SGF,B,400000,119.31,CorpBond_trader148,400000,FI_EXCHANGE
cancelled,2015.05.01D11:15:30.740546485,BAS_CorpBond__oid1226407,DEA19P9C=SG/SGF,S,400000,120.98,CorpBond_trader149,400000,FI_EXCHANGE
cancelled,2015.05.01D11:15:30.789997956,BAS_CorpBond__oid1226414,DEA19P9C=SG/SGF,B,400000,119.31,CorpBond_trader528,400000,FI_EXCHANGE
cancelled,2015.05.01D11:15:30.789997956,BAS_CorpBond__oid1226415,DEA19P9C=SG/SGF,S,400000,120.98,CorpBond_trader529,400000,FI_EXCHANGE
new,2015.05.01D11:15:54.047657869,BAS_CorpBond__oid1227501,DEA19P9C=SG/SGF,B,400000,119.3,CorpBond_trader150,400000,FI_EXCHANGE
new,2015.05.01D11:15:54.047657869,BAS_CorpBond__oid1227502,DEA19P9C=SG/SGF,S,400000,120.98,CorpBond_trader151,400000,FI_EXCHANGE
new,2015.05.01D11:15:54.113388687,BAS_CorpBond__oid1227505,DEA19P9C=SG/SGF,B,400000,119.3,CorpBond_trader530,400000,FI_EXCHANGE
new,2015.05.01D11:15:54.113388687,BAS_CorpBond__oid1227506,DEA19P9C=SG/SGF,S,400000,120.98,CorpBond_trader531,400000,FI_EXCHANGE
replaced,2015.05.01D11:15:55.047657869,BAS_CorpBond__oid1227501,DEA19P9C=SG/SGF,B,439706,119.3,CorpBond_trader150,439706,FI_EXCHANGE
partiallyFilled,2015.05.01D11:15:55.047657869,BAS_CorpBond__oid1227501,DEA19P9C=SG/SGF,B,400000,119.3,CorpBond_trader150,362144,FI_EXCHANGE
cancelled,2015.05.01D11:15:55.047657869,BAS_CorpBond__oid1227502,DEA19P9C=SG/SGF,S,400000,120.98,CorpBond_trader151,400000,FI_EXCHANGE
partiallyFilled,2015.05.01D11:15:55.113388687,BAS_CorpBond__oid1227505,DEA19P9C=SG/SGF,B,400000,119.3,CorpBond_trader530,369692,FI_EXCHANGE
cancelled,2015.05.01D11:15:55.113388687,BAS_CorpBond__oid1227506,DEA19P9C=SG/SGF,S,400000,120.98,CorpBond_trader531,400000,FI_EXCHANGE
replaced,2015.05.01D11:15:56.047657869,BAS_CorpBond__oid1227501,DEA19P9C=SG/SGF,B,450529,119.3,CorpBond_trader150,450529,FI_EXCHANGE
cancelled,2015.05.01D11:15:56.047657869,BAS_CorpBond__oid1227501,DEA19P9C=SG/SGF,B,400000,119.3,CorpBond_trader150,362144,FI_EXCHANGE
cancelled,2015.05.01D11:15:56.113388687,BAS_CorpBond__oid1227505,DEA19P9C=SG/SGF,B,400000,119.3,CorpBond_trader530,369692,FI_EXCHANGE
new,2015.05.01D11:16:06.445564662,BAS_CorpBond__oid1228035,DEA19P9C=SG/SGF,B,400000,119.31,CorpBond_trader532,400000,FI_EXCHANGE
new,2015.05.01D11:16:06.445564662,BAS_CorpBond__oid1228036,DEA19P9C=SG/SGF,S,400000,120.98,CorpBond_trader533,400000,FI_EXCHANGE
new,2015.05.01D11:16:06.488224759,BAS_CorpBond__oid1228049,DEA19P9C=SG/SGF,B,400000,119.31,CorpBond_trader152,400000,FI_EXCHANGE
new,2015.05.01D11:16:06.488224759,BAS_CorpBond__oid1228050,DEA19P9C=SG/SGF,S,400000,120.98,CorpBond_demoTrader,400000,FI_EXCHANGE
cancelled,2015.05.01D11:16:07.445564662,BAS_CorpBond__oid1228035,DEA19P9C=SG/SGF,B,400000,119.31,CorpBond_trader532,400000,FI_EXCHANGE
cancelled,2015.05.01D11:16:07.445564662,BAS_CorpBond__oid1228036,DEA19P9C=SG/SGF,S,400000,120.98,CorpBond_trader533,400000,FI_EXCHANGE
cancelled,2015.05.01D11:16:07.488224759,BAS_CorpBond__oid1228049,DEA19P9C=SG/SGF,B,400000,119.31,CorpBond_trader152,400000,FI_EXCHANGE
cancelled,2015.05.01D11:16:07.488224759,BAS_CorpBond__oid1228050,DEA19P9C=SG/SGF,S,400000,120.98,CorpBond_demoTrader,400000,FI_EXCHANGE
new,2015.05.01D11:16:12.491519577,BAS_CorpBond__oid1228400,DEA19P9C=SG/SGF,B,400000,119.3,CorpBond_trader154,400000,FI_EXCHANGE
new,2015.05.01D11:16:12.491519577,BAS_CorpBond__oid1228401,DEA19P9C=SG/SGF,S,400000,120.98,CorpBond_trader155,400000,FI_EXCHANGE
new,2015.05.01D11:16:12.533960626,BAS_CorpBond__oid1228420,DEA19P9C=SG/SGF,B,400000,119.3,CorpBond_trader534,400000,FI_EXCHANGE
new,2015.05.01D11:16:12.533960626,BAS_CorpBond__oid1228421,DEA19P9C=SG/SGF,S,400000,120.98,CorpBond_trader535,400000,FI_EXCHANGE
cancelled,2015.05.01D11:16:13.491519577,BAS_CorpBond__oid1228400,DEA19P9C=SG/SGF,B,400000,119.3,CorpBond_trader154,400000,FI_EXCHANGE
cancelled,2015.05.01D11:16:13.491519577,BAS_CorpBond__oid1228401,DEA19P9C=SG/SGF,S,400000,120.98,CorpBond_trader155,400000,FI_EXCHANGE
cancelled,2015.05.01D11:16:13.533960626,BAS_CorpBond__oid1228420,DEA19P9C=SG/SGF,B,400000,119.3,CorpBond_trader534,400000,FI_EXCHANGE
cancelled,2015.05.01D11:16:13.533960626,BAS_CorpBond__oid1228421,DEA19P9C=SG/SGF,S,400000,120.98,CorpBond_trader535,400000,FI_EXCHANGE
new,2015.05.01D11:16:23.696768823,BAS_CorpBond__oid1228778,DEA19P9C=SG/SGF,B,400000,119.32,CorpBond_trader156,400000,FI_EXCHANGE
new,2015.05.01D11:16:23.696768823,BAS_CorpBond__oid1228779,DEA19P9C=SG/SGF,S,400000,120.97,CorpBond_trader157,400000,FI_EXCHANGE
new,2015.05.01D11:16:23.724764954,BAS_CorpBond__oid1228782,DEA19P9C=SG/SGF,B,400000,119.32,CorpBond_trader536,400000,FI_EXCHANGE
new,2015.05.01D11:16:23.724764954,BAS_CorpBond__oid1228783,DEA19P9C=SG/SGF,S,400000,120.97,CorpBond_trader537,400000,FI_EXCHANGE
cancelled,2015.05.01D11:16:24.696768823,BAS_CorpBond__oid1228778,DEA19P9C=SG/SGF,B,400000,119.32,CorpBond_trader156,400000,FI_EXCHANGE
cancelled,2015.05.01D11:16:24.696768823,BAS_CorpBond__oid1228779,DEA19P9C=SG/SGF,S,400000,120.97,CorpBond_trader157,400000,FI_EXCHANGE
