eventType,eventTimestamp,orderID,instrumentID,side,quantity,price,trader,leavesQuantity,assetClass
new,2020.01.14D07:50:00.073581128,LO_oid580854,BARC.L,B,91,180.48,,,
new,2020.01.14D07:50:00.073581128,LO_oid580855,BARC.L,S,1000,186.4,,,
new,2020.01.14D07:50:00.133166886,LO_oid580912,BARC.L,B,91,180.48,,,
new,2020.01.14D07:50:00.133166886,LO_oid580913,BARC.L,S,10000,184.82,,,
new,2020.01.14D07:50:01.693154334,LO_oid580976,BARC.L,B,7391,180.48,,,
new,2020.01.14D07:50:01.693154334,LO_oid580977,BARC.L,S,10000,184.82,,,
new,2020.01.14D07:50:02.109198803,LO_oid581022,BARC.L,B,9456,180.48,,,
new,2020.01.14D07:50:02.109198803,LO_oid581023,BARC.L,S,10000,184.82,,,
new,2020.01.14D07:50:02.149260641,LO_oid581030,BARC.L,B,9456,180.48,,,
new,2020.01.14D07:50:02.149260641,LO_oid581031,BARC.L,S,524,181,,,
new,2020.01.14D07:50:05.097414616,LO_oid581122,BARC.L,B,9502,180.48,,,
new,2020.01.14D07:50:05.097414616,LO_oid581123,BARC.L,S,524,181,,,
new,2020.01.14D07:50:10.545539097,LO_oid581318,BARC.L,B,12319,180.48,,,
new,2020.01.14D07:50:10.545539097,LO_oid581319,BARC.L,S,524,181,,,
new,2020.01.14D07:50:14.117656377,LO_oid581418,BARC.L,B,12369,180.48,,,
new,2020.01.14D07:50:14.117656377,LO_oid581419,BARC.L,S,524,181,,,
new,2020.01.14D07:50:30.465292405,LO_oid581631,BARC.L,B,15369,180.48,,,
new,2020.01.14D07:50:30.465292405,LO_oid581632,BARC.L,S,524,181,,,
new,2020.01.14D07:50:30.473241574,LO_oid581633,BARC.L,B,15369,180.48,,,
new,2020.01.14D07:50:30.473241574,LO_oid581634,BARC.L,S,1284,181,,,
new,2020.01.14D07:50:30.497287537,LO_oid581635,BARC.L,B,15369,180.48,,,
new,2020.01.14D07:50:30.497287537,LO_oid581636,BARC.L,S,1285,181,,,
new,2020.01.14D07:50:40.548711080,LO_oid581757,BARC.L,B,17126,180.48,,,
new,2020.01.14D07:50:40.548711080,LO_oid581758,BARC.L,S,1285,181,,,
new,2020.01.14D07:50:56.868236083,LO_oid581873,BARC.L,B,17126,180.48,,,
new,2020.01.14D07:50:56.868236083,LO_oid581874,BARC.L,S,1065,179.46,,,
new,2020.01.14D07:51:10.991760007,LO_oid582036,BARC.L,B,17126,180.48,,,
new,2020.01.14D07:51:10.991760007,LO_oid582037,BARC.L,S,7235,179.46,,,
new,2020.01.14D07:51:12.355815606,LO_oid582054,BARC.L,B,17126,180.48,,,
new,2020.01.14D07:51:12.355815606,LO_oid582055,BARC.L,S,13405,179.46,,,
new,2020.01.14D07:53:17.665456621,LO_oid583093,BARC.L,B,17126,180.48,,,
new,2020.01.14D07:53:17.665456621,LO_oid583094,BARC.L,S,19958,178.06,,,
new,2020.01.14D07:54:15.064652616,LO_oid583492,BARC.L,B,17126,180.48,,,
new,2020.01.14D07:54:15.064652616,LO_oid583493,BARC.L,S,13405,173.82,,,
new,2020.01.14D07:55:21.107066566,LO_oid584008,BARC.L,B,17276,180.48,,,
new,2020.01.14D07:55:21.107066566,LO_oid584009,BARC.L,S,13405,173.82,,,
new,2020.01.14D07:55:30.163399158,LO_oid584132,BARC.L,B,17276,180.48,,,
new,2020.01.14D07:55:30.163399158,LO_oid584133,BARC.L,S,16393,173.82,,,
new,2020.01.14D07:55:30.167385463,LO_oid584134,BARC.L,B,17437,180.48,,,
new,2020.01.14D07:55:30.167385463,LO_oid584135,BARC.L,S,16393,173.82,,,
new,2020.01.14D07:55:31.918467440,LO_oid584166,BARC.L,B,17507,180.48,,,
new,2020.01.14D07:55:31.918467440,LO_oid584167,BARC.L,S,16393,173.82,,,
new,2020.01.14D07:55:50.310347925,LO_oid584301,BARC.L,B,17462,180.48,,,
new,2020.01.14D07:55:50.310347925,LO_oid584302,BARC.L,S,16393,173.82,,,
new,2020.01.14D07:55:50.314348973,LO_oid584303,BARC.L,B,17328,180.48,,,
new,2020.01.14D07:55:50.314348973,LO_oid584304,BARC.L,S,16393,173.82,,,
new,2020.01.14D07:55:55.338397893,LO_oid584331,BARC.L,B,18117,181.12,,,
new,2020.01.14D07:55:55.338397893,LO_oid584332,BARC.L,S,16393,173.82,,,
new,2020.01.14D07:56:00.046485542,LO_oid584354,BARC.L,B,17328,180.48,,,
new,2020.01.14D07:56:00.046485542,LO_oid584355,BARC.L,S,16393,173.82,,,
new,2020.01.14D07:56:04.734758055,LO_oid584390,BARC.L,B,18216,180.58,,,
new,2020.01.14D07:56:04.734758055,LO_oid584391,BARC.L,S,16393,173.82,,,
new,2020.01.14D07:56:04.735364217,LO_oid584392,BARC.L,B,28436,180.66,,,
new,2020.01.14D07:56:04.735364217,LO_oid584393,BARC.L,S,16393,173.82,,,
new,2020.01.14D07:56:27.061593028,LO_oid584646,BARC.L,B,18078,181.12,,,
new,2020.01.14D07:56:27.061593028,LO_oid584647,BARC.L,S,16393,173.82,,,
new,2020.01.14D07:56:29.233669226,LO_oid584658,BARC.L,B,18078,181.12,,,
new,2020.01.14D07:56:29.233669226,LO_oid584659,BARC.L,S,22563,173.82,,,
new,2020.01.14D07:56:29.401614303,LO_oid584672,BARC.L,B,18080,181.12,,,
new,2020.01.14D07:56:29.401614303,LO_oid584673,BARC.L,S,22563,173.82,,,
new,2020.01.14D07:56:29.417631585,LO_oid584674,BARC.L,B,18085,181.12,,,
new,2020.01.14D07:56:29.417631585,LO_oid584675,BARC.L,S,22563,173.82,,,
new,2020.01.14D07:56:49.057365850,LO_oid584844,BARC.L,B,18085,181.12,,,
new,2020.01.14D07:56:49.057365850,LO_oid584845,BARC.L,S,16393,173.82,,,
new,2020.01.14D07:56:54.833600643,LO_oid584894,BARC.L,B,18080,181.12,,,
new,2020.01.14D07:56:54.833600643,LO_oid584895,BARC.L,S,16393,173.82,,,
new,2020.01.14D07:56:56.825654557,LO_oid584908,BARC.L,B,18078,181.12,,,
new,2020.01.14D07:56:56.825654557,LO_oid584909,BARC.L,S,16393,173.82,,,
new,2020.01.14D07:57:10.554062113,LO_oid585062,BARC.L,B,16321,181.12,,,
new,2020.01.14D07:57:10.554062113,LO_oid585063,BARC.L,B,16540,181.12,,,
new,2020.01.14D07:57:10.554062113,LO_oid585064,BARC.L,S,16393,173.82,,,
new,2020.01.14D07:58:15.168629348,LO_oid585622,BARC.L,B,16540,181.12,,,
new,2020.01.14D07:58:15.168629348,LO_oid585623,BARC.L,S,10223,173.82,,,
new,2020.01.14D07:58:15.172628429,LO_oid585638,BARC.L,B,16208,181.12,,,
new,2020.01.14D07:58:15.172628429,LO_oid585639,BARC.L,S,10223,173.82,,,
new,2020.01.14D07:58:15.379682566,LO_oid585646,BARC.L,B,16207,181.12,,,
new,2020.01.14D07:58:15.379682566,LO_oid585647,BARC.L,S,10223,173.82,,,
new,2020.01.14D07:58:15.383568566,LO_oid585648,BARC.L,B,16203,181.12,,,
new,2020.01.14D07:58:15.383568566,LO_oid585649,BARC.L,S,10223,173.82,,,
new,2020.01.14D07:58:28.715091039,LO_oid585754,BARC.L,B,16203,181.12,,,
new,2020.01.14D07:58:28.715091039,LO_oid585755,BARC.L,S,16393,173.82,,,
new,2020.01.14D07:58:42.567747309,LO_oid585869,BARC.L,B,16207,181.12,,,
new,2020.01.14D07:58:42.567747309,LO_oid585870,BARC.L,S,16393,173.82,,,
new,2020.01.14D07:58:44.806696202,LO_oid585871,BARC.L,B,16208,181.12,,,
new,2020.01.14D07:58:44.806696202,LO_oid585872,BARC.L,S,16393,173.82,,,
new,2020.01.14D07:59:08.834548771,LO_oid586053,BARC.L,B,16208,181.12,,,
new,2020.01.14D07:59:08.834548771,LO_oid586054,BARC.L,S,16228,170.78,,,
new,2020.01.14D07:59:13.202980877,LO_oid586142,BARC.L,B,16208,181.12,,,
new,2020.01.14D07:59:13.202980877,LO_oid586143,BARC.L,S,10058,170.78,,,
new,2020.01.14D07:59:13.214933942,LO_oid586168,BARC.L,B,16208,181.12,,,
new,2020.01.14D07:59:13.214933942,LO_oid586169,BARC.L,S,3888,170.78,,,
new,2020.01.14D07:59:13.386934437,LO_oid586178,BARC.L,B,16207,181.12,,,
new,2020.01.14D07:59:13.386934437,LO_oid586179,BARC.L,S,3888,170.78,,,
new,2020.01.14D07:59:13.390731317,LO_oid586180,BARC.L,B,16203,181.12,,,
new,2020.01.14D07:59:13.390731317,LO_oid586181,BARC.L,S,3888,170.78,,,
new,2020.01.14D07:59:15.086785572,LO_oid586197,BARC.L,B,16203,181.12,,,
new,2020.01.14D07:59:15.086785572,LO_oid586198,BARC.L,S,3167,170.78,,,
new,2020.01.14D07:59:21.586062270,LO_oid586247,BARC.L,B,26553,181.12,,,
new,2020.01.14D07:59:21.586062270,LO_oid586248,BARC.L,S,3167,170.78,,,
new,2020.01.14D07:59:21.586377983,LO_oid586249,BARC.L,B,26833,181.12,,,
new,2020.01.14D07:59:21.586377983,LO_oid586250,BARC.L,S,3167,170.78,,,
new,2020.01.14D07:59:21.622011979,LO_oid586251,BARC.L,B,26833,181.12,,,
new,2020.01.14D07:59:21.622011979,LO_oid586252,BARC.L,S,3168,170.78,,,
new,2020.01.14D07:59:22.494009165,LO_oid586259,BARC.L,B,31806,181.12,,,
new,2020.01.14D07:59:22.494009165,LO_oid586260,BARC.L,S,3168,170.78,,,
new,2020.01.14D07:59:25.786154181,LO_oid586300,BARC.L,B,31848,181.12,,,
new,2020.01.14D07:59:25.786154181,LO_oid586301,BARC.L,S,3168,170.78,,,
new,2020.01.14D07:59:28.790248494,LO_oid586340,BARC.L,B,31911,181.12,,,
new,2020.01.14D07:59:28.790248494,LO_oid586341,BARC.L,S,3168,170.78,,,
new,2020.01.14D07:59:29.354276408,LO_oid586354,BARC.L,B,31942,181.12,,,
new,2020.01.14D07:59:29.354276408,LO_oid586355,BARC.L,S,3168,170.78,,,
new,2020.01.14D07:59:31.774377070,LO_oid586422,BARC.L,B,31976,181.12,,,
new,2020.01.14D07:59:31.774377070,LO_oid586423,BARC.L,S,3168,170.78,,,
new,2020.01.14D07:59:35.054628739,LO_oid586508,BARC.L,B,37588,182.36,,,
new,2020.01.14D07:59:35.054628739,LO_oid586509,BARC.L,S,3168,170.78,,,
new,2020.01.14D07:59:38.877727720,LO_oid586560,BARC.L,B,37588,182.36,,,
new,2020.01.14D07:59:38.877727720,LO_oid586561,BARC.L,S,9338,170.78,,,
new,2020.01.14D07:59:50.078096446,LO_oid586698,BARC.L,B,37588,182.36,,,
new,2020.01.14D07:59:50.078096446,LO_oid586699,BARC.L,S,10059,170.78,,,
new,2020.01.14D07:59:50.106122978,LO_oid586714,BARC.L,B,37745,182.36,,,
new,2020.01.14D07:59:50.106122978,LO_oid586715,BARC.L,S,10059,170.78,,,
new,2020.01.14D07:59:50.170092827,LO_oid586736,BARC.L,B,37887,182.36,,,
new,2020.01.14D07:59:50.170092827,LO_oid586737,BARC.L,S,10059,170.78,,,
new,2020.01.14D07:59:55.113730293,LO_oid586820,BARC.L,B,37902,182.36,,,
new,2020.01.14D07:59:55.113730293,LO_oid586821,BARC.L,S,10059,170.78,,,
new,2020.01.14D07:59:55.841783749,LO_oid586848,BARC.L,B,41660,182.36,,,
new,2020.01.14D07:59:55.841783749,LO_oid586849,BARC.L,S,10059,170.78,,,
new,2020.01.14D07:59:56.165400751,LO_oid586868,BARC.L,B,41660,182.36,,,
new,2020.01.14D07:59:56.165400751,LO_oid586869,BARC.L,S,10058,170.78,,,
new,2020.01.14D07:59:56.201801277,LO_oid586872,BARC.L,B,41662,182.36,,,
new,2020.01.14D07:59:56.201801277,LO_oid586873,BARC.L,S,10058,170.78,,,
new,2020.01.14D07:59:56.625832285,LO_oid586884,BARC.L,B,37344,182.48,,,
new,2020.01.14D07:59:56.625832285,LO_oid586885,BARC.L,S,10058,170.78,,,
new,2020.01.14D07:59:57.469892044,LO_oid586914,BARC.L,B,37214,182.56,,,
new,2020.01.14D07:59:57.469892044,LO_oid586915,BARC.L,S,10058,170.78,,,
new,2020.01.14D07:59:58.493964467,LO_oid586968,BARC.L,B,37217,182.56,,,
new,2020.01.14D07:59:58.493964467,LO_oid586969,BARC.L,S,10058,170.78,,,
new,2020.01.14D07:59:58.617982356,LO_oid586974,BARC.L,B,37223,182.56,,,
new,2020.01.14D07:59:58.617982356,LO_oid586975,BARC.L,S,10058,170.78,,,
new,2020.01.14D07:59:59.986070840,LO_oid587022,BARC.L,B,37224,182.56,,,
new,2020.01.14D07:59:59.986070840,LO_oid587023,BARC.L,S,10058,170.78,,,
new,2020.01.14D07:50:00.080257302,LO_oid580863,LLOY.L,B,1450,58,,,
new,2020.01.14D07:50:00.080257302,LO_oid580864,LLOY.L,S,5000,64.5,,,
new,2020.01.14D07:50:00.092673336,LO_oid580877,LLOY.L,B,1450,58,,,
new,2020.01.14D07:50:00.092673336,LO_oid580878,LLOY.L,S,55506,64.5,,,
new,2020.01.14D07:50:00.108672362,LO_oid580893,LLOY.L,B,1450,58,,,
new,2020.01.14D07:50:00.108672362,LO_oid580894,LLOY.L,S,166383,64.5,,,
new,2020.01.14D07:50:00.188221651,LO_oid580930,LLOY.L,B,1450,58,,,
new,2020.01.14D07:50:00.188221651,LO_oid580931,LLOY.L,S,191383,60.2,,,
new,2020.01.14D07:50:00.252682565,LO_oid580934,LLOY.L,B,30000,58.59,,,
new,2020.01.14D07:50:00.252682565,LO_oid580935,LLOY.L,S,191383,60.2,,,
new,2020.01.14D07:50:00.284142360,LO_oid580938,LLOY.L,B,30000,58.59,,,
new,2020.01.14D07:50:00.284142360,LO_oid580939,LLOY.L,S,221383,60.2,,,
new,2020.01.14D07:50:01.336162166,LO_oid580962,LLOY.L,B,30000,58.59,,,
new,2020.01.14D07:50:01.336162166,LO_oid580963,LLOY.L,S,191383,57.91,,,
new,2020.01.14D07:50:02.108345506,LO_oid581017,LLOY.L,B,243491,58.59,,,
new,2020.01.14D07:50:02.108345506,LO_oid581018,LLOY.L,S,191383,57.91,,,
new,2020.01.14D07:50:02.192297308,LO_oid581036,LLOY.L,B,243491,58.59,,,
new,2020.01.14D07:50:02.192297308,LO_oid581037,LLOY.L,S,192183,57.91,,,
new,2020.01.14D07:50:02.228245217,LO_oid581038,LLOY.L,B,213753,60,,,
new,2020.01.14D07:50:02.228245217,LO_oid581039,LLOY.L,S,192183,57.91,,,
new,2020.01.14D07:50:02.304304643,LO_oid581040,LLOY.L,B,213753,60,,,
new,2020.01.14D07:50:02.304304643,LO_oid581041,LLOY.L,S,172183,59,,,
new,2020.01.14D07:50:04.592344932,LO_oid581080,LLOY.L,B,213753,60,,,
new,2020.01.14D07:50:04.592344932,LO_oid581081,LLOY.L,S,192998,59,,,
new,2020.01.14D07:50:05.084414220,LO_oid581114,LLOY.L,B,213753,60,,,
new,2020.01.14D07:50:05.084414220,LO_oid581115,LLOY.L,S,183272,57,,,
new,2020.01.14D07:50:05.097002823,LO_oid581118,LLOY.L,B,213856,60,,,
new,2020.01.14D07:50:05.097002823,LO_oid581119,LLOY.L,S,183272,57,,,
new,2020.01.14D07:50:07.021128859,LO_oid581178,LLOY.L,B,213856,60,,,
new,2020.01.14D07:50:07.021128859,LO_oid581179,LLOY.L,S,183679,55.81,,,
new,2020.01.14D07:50:07.388523522,LO_oid581206,LLOY.L,B,224260,60,,,
new,2020.01.14D07:50:07.388523522,LO_oid581207,LLOY.L,S,183679,55.81,,,
new,2020.01.14D07:50:10.204645147,LO_oid581254,LLOY.L,B,349372,60,,,
new,2020.01.14D07:50:10.204645147,LO_oid581255,LLOY.L,S,183679,55.81,,,
new,2020.01.14D07:50:10.205338180,LO_oid581256,LLOY.L,B,368086,60,,,
new,2020.01.14D07:50:10.205338180,LO_oid581257,LLOY.L,S,183679,55.81,,,
new,2020.01.14D07:50:10.209341133,LO_oid581258,LLOY.L,B,368086,60,,,
new,2020.01.14D07:50:10.209341133,LO_oid581259,LLOY.L,S,186050,55.81,,,
new,2020.01.14D07:50:10.248657392,LO_oid581264,LLOY.L,B,368086,60,,,
new,2020.01.14D07:50:10.248657392,LO_oid581265,LLOY.L,S,200578,55.81,,,
new,2020.01.14D07:50:10.252664601,LO_oid581266,LLOY.L,B,368086,60,,,
new,2020.01.14D07:50:10.252664601,LO_oid581267,LLOY.L,S,276404,55.81,,,
new,2020.01.14D07:50:10.253343066,LO_oid581268,LLOY.L,B,368086,60,,,
new,2020.01.14D07:50:10.253343066,LO_oid581269,LLOY.L,S,336167,55.81,,,
new,2020.01.14D07:50:14.743864063,LO_oid581426,LLOY.L,B,368086,60,,,
new,2020.01.14D07:50:14.743864063,LO_oid581427,LLOY.L,S,356237,55.81,,,
new,2020.01.14D07:50:15.367960712,LO_oid581436,LLOY.L,B,368086,60,,,
new,2020.01.14D07:50:15.367960712,LO_oid581437,LLOY.L,S,356243,55.81,,,
new,2020.01.14D07:50:19.660081466,LO_oid581468,LLOY.L,B,368086,60,,,
new,2020.01.14D07:50:19.660081466,LO_oid581469,LLOY.L,S,633433,55.81,,,
new,2020.01.14D07:50:20.588148851,LO_oid581490,LLOY.L,B,372882,62.26,,,
new,2020.01.14D07:50:20.588148851,LO_oid581491,LLOY.L,S,633433,55.81,,,
new,2020.01.14D07:50:29.136629983,LO_oid581589,LLOY.L,B,539868,62.26,,,
new,2020.01.14D07:50:29.136629983,LO_oid581590,LLOY.L,S,633433,55.81,,,
new,2020.01.14D07:50:30.223692114,LO_oid581619,LLOY.L,B,539868,62.26,,,
new,2020.01.14D07:50:30.223692114,LO_oid581620,LLOY.L,S,633905,55.81,,,
new,2020.01.14D07:50:30.327756936,LO_oid581627,LLOY.L,B,539868,62.26,,,
new,2020.01.14D07:50:30.327756936,LO_oid581628,LLOY.L,S,643905,55.81,,,
new,2020.01.14D07:50:30.335761273,LO_oid581629,LLOY.L,B,539970,62.26,,,
new,2020.01.14D07:50:30.335761273,LO_oid581630,LLOY.L,S,643905,55.81,,,
new,2020.01.14D07:50:34.399892704,LO_oid581669,LLOY.L,B,539970,62.26,,,
new,2020.01.14D07:50:34.399892704,LO_oid581670,LLOY.L,S,673744,55.81,,,
new,2020.01.14D07:50:35.051946669,LO_oid581677,LLOY.L,B,575204,62.26,,,
new,2020.01.14D07:50:35.051946669,LO_oid581678,LLOY.L,S,673744,55.81,,,
new,2020.01.14D07:50:40.204167827,LO_oid581739,LLOY.L,B,634742,62.26,,,
new,2020.01.14D07:50:40.204167827,LO_oid581740,LLOY.L,S,673744,55.81,,,
new,2020.01.14D07:50:40.224116309,LO_oid581741,LLOY.L,B,634742,62.26,,,
new,2020.01.14D07:50:40.224116309,LO_oid581742,LLOY.L,S,726161,55.81,,,
new,2020.01.14D07:50:58.936082237,LO_oid581889,LLOY.L,B,649542,62.26,,,
new,2020.01.14D07:50:58.936082237,LO_oid581890,LLOY.L,S,726161,55.81,,,
new,2020.01.14D07:51:00.060648206,LO_oid581903,LLOY.L,B,729542,62.26,,,
new,2020.01.14D07:51:00.060648206,LO_oid581904,LLOY.L,B,730658,62.26,,,
new,2020.01.14D07:51:00.060648206,LO_oid581905,LLOY.L,S,726161,55.81,,,
new,2020.01.14D07:51:00.072657007,LO_oid581914,LLOY.L,B,832422,62.26,,,
new,2020.01.14D07:51:00.072657007,LO_oid581915,LLOY.L,S,726161,55.81,,,
new,2020.01.14D07:51:00.104650027,LO_oid581920,LLOY.L,B,832422,62.26,,,
new,2020.01.14D07:51:00.104650027,LO_oid581921,LLOY.L,S,726233,55.81,,,
new,2020.01.14D07:51:04.731380396,LO_oid581968,LLOY.L,B,832422,62.26,,,
new,2020.01.14D07:51:04.731380396,LO_oid581969,LLOY.L,S,774525,55.81,,,
new,2020.01.14D07:51:10.987672798,LO_oid582034,LLOY.L,B,832422,62.26,,,
new,2020.01.14D07:51:10.987672798,LO_oid582035,LLOY.L,S,799626,55.81,,,
new,2020.01.14D07:51:12.356428439,LO_oid582058,LLOY.L,B,832422,62.26,,,
new,2020.01.14D07:51:12.356428439,LO_oid582059,LLOY.L,S,824727,55.81,,,
new,2020.01.14D07:52:00.419208090,LO_oid582535,LLOY.L,B,832422,62.26,,,
new,2020.01.14D07:52:00.419208090,LO_oid582536,LLOY.L,S,825727,55.81,,,
new,2020.01.14D07:52:00.419604147,LO_oid582537,LLOY.L,B,832422,62.26,,,
new,2020.01.14D07:52:00.419604147,LO_oid582538,LLOY.L,S,826548,55.81,,,
new,2020.01.14D07:53:00.091184063,LO_oid582974,LLOY.L,B,810908,62.26,,,
new,2020.01.14D07:53:00.091184063,LO_oid582975,LLOY.L,S,826548,55.81,,,
new,2020.01.14D07:53:00.123564708,LO_oid582976,LLOY.L,B,810908,62.26,,,
new,2020.01.14D07:53:00.123564708,LO_oid582977,LLOY.L,S,826547,55.81,,,
new,2020.01.14D07:53:28.254551400,LO_oid583140,LLOY.L,B,810908,62.26,,,
new,2020.01.14D07:53:28.254551400,LO_oid583141,LLOY.L,S,826548,55.81,,,
new,2020.01.14D07:54:04.358876308,LO_oid583425,LLOY.L,B,810908,62.26,,,
new,2020.01.14D07:54:04.358876308,LO_oid583426,LLOY.L,S,826630,55.81,,,
new,2020.01.14D07:55:00.098200019,LO_oid583797,LLOY.L,B,794337,62.26,,,
new,2020.01.14D07:55:00.098200019,LO_oid583798,LLOY.L,S,826630,55.81,,,
new,2020.01.14D07:55:01.826326874,LO_oid583811,LLOY.L,B,794337,62.26,,,
new,2020.01.14D07:55:01.826326874,LO_oid583812,LLOY.L,S,827623,55.81,,,
new,2020.01.14D07:55:25.050504323,LO_oid584036,LLOY.L,B,794337,62.26,,,
new,2020.01.14D07:55:25.050504323,LO_oid584037,LLOY.L,S,827325,55.81,,,
new,2020.01.14D07:55:30.085759017,LO_oid584099,LLOY.L,B,794337,62.26,,,
new,2020.01.14D07:55:30.085759017,LO_oid584100,LLOY.L,S,827546,55.81,,,
new,2020.01.14D07:55:30.086568051,LO_oid584103,LLOY.L,B,794337,62.26,,,
new,2020.01.14D07:55:30.086568051,LO_oid584104,LLOY.L,S,827568,55.81,,,
new,2020.01.14D07:55:30.089720801,LO_oid584105,LLOY.L,B,794337,62.26,,,
new,2020.01.14D07:55:30.089720801,LO_oid584106,LLOY.L,S,827664,55.81,,,
new,2020.01.14D07:55:30.126566488,LO_oid584119,LLOY.L,B,794649,62.26,,,
new,2020.01.14D07:55:30.126566488,LO_oid584120,LLOY.L,S,827664,55.81,,,
new,2020.01.14D07:55:30.177703365,LO_oid584136,LLOY.L,B,794944,62.26,,,
new,2020.01.14D07:55:30.177703365,LO_oid584137,LLOY.L,S,827664,55.81,,,
new,2020.01.14D07:55:36.050064385,LO_oid584212,LLOY.L,B,794953,62.26,,,
new,2020.01.14D07:55:36.050064385,LO_oid584213,LLOY.L,S,827664,55.81,,,
new,2020.01.14D07:55:56.830122086,LO_oid584341,LLOY.L,B,794953,62.26,,,
new,2020.01.14D07:55:56.830122086,LO_oid584342,LLOY.L,S,1013171,46.995,,,
new,2020.01.14D07:55:56.966065352,LO_oid584343,LLOY.L,B,794953,62.26,,,
new,2020.01.14D07:55:56.966065352,LO_oid584344,LLOY.L,S,1013254,46.995,,,
new,2020.01.14D07:56:10.229768674,LO_oid584466,LLOY.L,B,794953,62.26,,,
new,2020.01.14D07:56:10.229768674,LO_oid584467,LLOY.L,S,1018332,46.995,,,
new,2020.01.14D07:56:29.233736274,LO_oid584662,LLOY.L,B,794953,62.26,,,
new,2020.01.14D07:56:29.233736274,LO_oid584663,LLOY.L,S,1043433,46.995,,,
new,2020.01.14D07:56:30.069814813,LO_oid584682,LLOY.L,B,794341,62.26,,,
new,2020.01.14D07:56:30.069814813,LO_oid584683,LLOY.L,S,1043433,46.995,,,
new,2020.01.14D07:56:31.733827283,LO_oid584698,LLOY.L,B,794341,62.26,,,
new,2020.01.14D07:56:31.733827283,LO_oid584699,LLOY.L,S,1289456,46.995,,,
new,2020.01.14D07:56:31.773837608,LO_oid584700,LLOY.L,B,794341,62.26,,,
new,2020.01.14D07:56:31.773837608,LO_oid584701,LLOY.L,S,1289457,46.995,,,
new,2020.01.14D07:56:31.777833689,LO_oid584702,LLOY.L,B,794341,62.26,,,
new,2020.01.14D07:56:31.777833689,LO_oid584703,LLOY.L,S,1341727,46.995,,,
new,2020.01.14D07:56:40.229266524,LO_oid584756,LLOY.L,B,794341,62.26,,,
new,2020.01.14D07:56:40.229266524,LO_oid584757,LLOY.L,S,1376646,46.995,,,
new,2020.01.14D07:56:40.637281952,LO_oid584786,LLOY.L,B,804341,62.26,,,
new,2020.01.14D07:56:40.637281952,LO_oid584787,LLOY.L,S,1376646,46.995,,,
new,2020.01.14D07:56:49.058761661,LO_oid584852,LLOY.L,B,804341,62.26,,,
new,2020.01.14D07:56:49.058761661,LO_oid584853,LLOY.L,S,1351545,46.995,,,
new,2020.01.14D07:56:54.489121117,LO_oid584888,LLOY.L,B,804341,62.26,,,
new,2020.01.14D07:56:54.489121117,LO_oid584889,LLOY.L,S,1351544,46.995,,,
new,2020.01.14D07:56:55.064988960,LO_oid584898,LLOY.L,B,804341,62.26,,,
new,2020.01.14D07:56:55.064988960,LO_oid584899,LLOY.L,S,1105521,46.995,,,
new,2020.01.14D07:56:55.065157024,LO_oid584900,LLOY.L,B,804341,62.26,,,
new,2020.01.14D07:56:55.065157024,LO_oid584901,LLOY.L,S,920076,55.81,,,
new,2020.01.14D07:57:00.069245015,LO_oid584937,LLOY.L,B,804953,62.26,,,
new,2020.01.14D07:57:00.069245015,LO_oid584938,LLOY.L,S,920076,55.81,,,
new,2020.01.14D07:57:00.865246605,LO_oid584961,LLOY.L,B,811629,62.26,,,
new,2020.01.14D07:57:00.865246605,LO_oid584962,LLOY.L,S,920076,55.81,,,
new,2020.01.14D07:57:01.261265823,LO_oid584979,LLOY.L,B,859429,62.26,,,
new,2020.01.14D07:57:01.261265823,LO_oid584980,LLOY.L,S,920076,55.81,,,
new,2020.01.14D07:57:21.429318557,LO_oid585139,LLOY.L,B,859429,62.26,,,
new,2020.01.14D07:57:21.429318557,LO_oid585140,LLOY.L,S,920075,55.81,,,
new,2020.01.14D07:57:21.433275694,LO_oid585141,LLOY.L,B,859429,62.26,,,
new,2020.01.14D07:57:21.433275694,LO_oid585142,LLOY.L,S,880941,55.81,,,
new,2020.01.14D07:57:38.053203222,LO_oid585237,LLOY.L,B,859429,62.26,,,
new,2020.01.14D07:57:38.053203222,LO_oid585238,LLOY.L,S,909478,55.81,,,
new,2020.01.14D07:57:40.229321662,LO_oid585241,LLOY.L,B,859429,62.26,,,
new,2020.01.14D07:57:40.229321662,LO_oid585242,LLOY.L,S,857061,55.81,,,
new,2020.01.14D07:57:40.230173272,LO_oid585243,LLOY.L,B,859429,62.26,,,
new,2020.01.14D07:57:40.230173272,LO_oid585244,LLOY.L,S,851983,55.81,,,
new,2020.01.14D07:57:40.230173272,LO_oid585245,LLOY.L,S,817064,55.81,,,
new,2020.01.14D07:57:40.230173272,LO_oid585246,LLOY.L,S,884668,55.81,,,
new,2020.01.14D07:57:44.797531912,LO_oid585336,LLOY.L,B,859429,62.26,,,
new,2020.01.14D07:57:44.797531912,LO_oid585337,LLOY.L,S,884669,55.81,,,
new,2020.01.14D07:58:10.252713782,LO_oid585560,LLOY.L,B,859429,62.26,,,
new,2020.01.14D07:58:10.252713782,LO_oid585561,LLOY.L,S,865572,55.81,,,
new,2020.01.14D07:58:15.169111469,LO_oid585626,LLOY.L,B,859429,62.26,,,
new,2020.01.14D07:58:15.169111469,LO_oid585627,LLOY.L,S,840471,55.81,,,
new,2020.01.14D07:58:28.717374628,LO_oid585768,LLOY.L,B,859429,62.26,,,
new,2020.01.14D07:58:28.717374628,LO_oid585769,LLOY.L,S,865572,55.81,,,
new,2020.01.14D07:58:35.849053423,LO_oid585835,LLOY.L,B,859429,62.26,,,
new,2020.01.14D07:58:35.849053423,LO_oid585836,LLOY.L,S,1051017,46.995,,,
new,2020.01.14D07:58:37.485220989,LO_oid585843,LLOY.L,B,859429,62.26,,,
new,2020.01.14D07:58:37.485220989,LO_oid585844,LLOY.L,S,1088853,46.995,,,
new,2020.01.14D07:58:40.037168139,LO_oid585861,LLOY.L,B,859429,62.26,,,
new,2020.01.14D07:58:40.037168139,LO_oid585862,LLOY.L,S,1164821,46.995,,,
new,2020.01.14D07:58:40.228370779,LO_oid585863,LLOY.L,B,859429,62.26,,,
new,2020.01.14D07:58:40.228370779,LO_oid585864,LLOY.L,S,1198636,46.995,,,
new,2020.01.14D07:58:45.056590767,LO_oid585875,LLOY.L,B,859429,62.26,,,
new,2020.01.14D07:58:45.056590767,LO_oid585876,LLOY.L,S,1013191,55.81,,,
new,2020.01.14D07:58:50.356789344,LO_oid585906,LLOY.L,B,866196,62.26,,,
new,2020.01.14D07:58:50.356789344,LO_oid585907,LLOY.L,S,1013191,55.81,,,
new,2020.01.14D07:59:02.040327136,LO_oid586015,LLOY.L,B,866196,62.26,,,
new,2020.01.14D07:59:02.040327136,LO_oid586016,LLOY.L,S,1036241,55.81,,,
new,2020.01.14D07:59:10.228854427,LO_oid586071,LLOY.L,B,866196,62.26,,,
new,2020.01.14D07:59:10.228854427,LO_oid586072,LLOY.L,S,1044119,55.81,,,
new,2020.01.14D07:59:13.205373618,LO_oid586154,LLOY.L,B,866196,62.26,,,
new,2020.01.14D07:59:13.205373618,LO_oid586155,LLOY.L,S,1019018,55.81,,,
new,2020.01.14D07:59:13.212975730,LO_oid586164,LLOY.L,B,866196,62.26,,,
new,2020.01.14D07:59:13.212975730,LO_oid586165,LLOY.L,S,993917,55.81,,,
new,2020.01.14D07:59:13.257371417,LO_oid586174,LLOY.L,B,866196,62.26,,,
new,2020.01.14D07:59:13.257371417,LO_oid586175,LLOY.L,S,993916,55.81,,,
new,2020.01.14D07:59:19.332275002,LO_oid586235,LLOY.L,B,1377315,62.26,,,
new,2020.01.14D07:59:19.332275002,LO_oid586236,LLOY.L,S,993916,55.81,,,
new,2020.01.14D07:59:21.992389072,LO_oid586255,LLOY.L,B,1433043,62.26,,,
new,2020.01.14D07:59:21.992389072,LO_oid586256,LLOY.L,S,993916,55.81,,,
new,2020.01.14D07:59:23.468507442,LO_oid586269,LLOY.L,B,1462287,62.26,,,
new,2020.01.14D07:59:23.468507442,LO_oid586270,LLOY.L,S,993916,55.81,,,
new,2020.01.14D07:59:27.101247335,LO_oid586312,LLOY.L,B,1462287,62.26,,,
new,2020.01.14D07:59:27.101247335,LO_oid586313,LLOY.L,S,1022453,55.81,,,
new,2020.01.14D07:59:27.137252972,LO_oid586314,LLOY.L,B,1462287,62.26,,,
new,2020.01.14D07:59:27.137252972,LO_oid586315,LLOY.L,S,1046951,55.81,,,
new,2020.01.14D07:59:28.061315597,LO_oid586326,LLOY.L,B,1462357,62.26,,,
new,2020.01.14D07:59:28.061315597,LO_oid586327,LLOY.L,S,1046951,55.81,,,
new,2020.01.14D07:59:28.760763623,LO_oid586336,LLOY.L,B,1462357,62.26,,,
new,2020.01.14D07:59:28.760763623,LO_oid586337,LLOY.L,S,1047304,55.81,,,
new,2020.01.14D07:59:28.776708433,LO_oid586338,LLOY.L,B,1462357,62.26,,,
new,2020.01.14D07:59:28.776708433,LO_oid586339,LLOY.L,S,1092381,55.81,,,
new,2020.01.14D07:59:29.168724605,LO_oid586350,LLOY.L,B,1462357,62.26,,,
new,2020.01.14D07:59:29.168724605,LO_oid586351,LLOY.L,S,1188981,55.81,,,
new,2020.01.14D07:59:30.116834017,LO_oid586386,LLOY.L,B,1480787,62.26,,,
new,2020.01.14D07:59:30.116834017,LO_oid586387,LLOY.L,S,1188981,55.81,,,
new,2020.01.14D07:59:30.356891536,LO_oid586397,LLOY.L,B,1598011,62.26,,,
new,2020.01.14D07:59:30.356891536,LO_oid586398,LLOY.L,S,1188981,55.81,,,
new,2020.01.14D07:59:32.047935029,LO_oid586430,LLOY.L,B,1598011,62.26,,,
new,2020.01.14D07:59:32.047935029,LO_oid586431,LLOY.L,S,1160444,55.81,,,
new,2020.01.14D07:59:32.048625063,LO_oid586432,LLOY.L,B,1598011,62.26,,,
new,2020.01.14D07:59:32.048625063,LO_oid586433,LLOY.L,S,1203373,55.81,,,
new,2020.01.14D07:59:32.203868338,LO_oid586438,LLOY.L,B,1602429,62.26,,,
new,2020.01.14D07:59:32.203868338,LO_oid586439,LLOY.L,S,1203373,55.81,,,
new,2020.01.14D07:59:33.836282428,LO_oid586478,LLOY.L,B,1602429,62.26,,,
new,2020.01.14D07:59:33.836282428,LO_oid586479,LLOY.L,S,1211492,55.81,,,
new,2020.01.14D07:59:34.228023552,LO_oid586488,LLOY.L,B,1602429,62.26,,,
new,2020.01.14D07:59:34.228023552,LO_oid586489,LLOY.L,S,1213581,55.81,,,
new,2020.01.14D07:59:34.812059118,LO_oid586502,LLOY.L,B,1597383,64.61,,,
new,2020.01.14D07:59:34.812059118,LO_oid586503,LLOY.L,S,1213581,55.81,,,
new,2020.01.14D07:59:38.877089271,LO_oid586554,LLOY.L,B,1597383,64.61,,,
new,2020.01.14D07:59:38.877089271,LO_oid586555,LLOY.L,S,1238682,55.81,,,
new,2020.01.14D07:59:38.885079136,LO_oid586564,LLOY.L,B,1597383,64.61,,,
new,2020.01.14D07:59:38.885079136,LO_oid586565,LLOY.L,S,1239042,55.81,,,
new,2020.01.14D07:59:38.976178306,LO_oid586570,LLOY.L,B,1597383,64.61,,,
new,2020.01.14D07:59:38.976178306,LO_oid586571,LLOY.L,S,1258824,55.81,,,
new,2020.01.14D07:59:40.193164078,LO_oid586596,LLOY.L,B,1601281,64.61,,,
new,2020.01.14D07:59:40.193164078,LO_oid586597,LLOY.L,S,1258824,55.81,,,
new,2020.01.14D07:59:41.280365380,LO_oid586606,LLOY.L,B,1601281,64.61,,,
new,2020.01.14D07:59:41.280365380,LO_oid586607,LLOY.L,S,1291201,55.81,,,
new,2020.01.14D07:59:43.933411337,LO_oid586622,LLOY.L,B,1601281,64.61,,,
new,2020.01.14D07:59:43.933411337,LO_oid586623,LLOY.L,S,1296293,55.81,,,
new,2020.01.14D07:59:44.284622758,LO_oid586626,LLOY.L,B,1602288,64.61,,,
new,2020.01.14D07:59:44.284622758,LO_oid586627,LLOY.L,S,1296293,55.81,,,
new,2020.01.14D07:59:46.056663226,LO_oid586634,LLOY.L,B,1602288,64.61,,,
new,2020.01.14D07:59:46.056663226,LO_oid586635,LLOY.L,S,1342501,55.81,,,
new,2020.01.14D07:59:46.117559068,LO_oid586642,LLOY.L,B,1603693,64.61,,,
new,2020.01.14D07:59:46.117559068,LO_oid586643,LLOY.L,S,1342501,55.81,,,
new,2020.01.14D07:59:47.281637935,LO_oid586650,LLOY.L,B,1603693,64.61,,,
new,2020.01.14D07:59:47.281637935,LO_oid586651,LLOY.L,S,1342660,55.81,,,
new,2020.01.14D07:59:47.301637529,LO_oid586652,LLOY.L,B,1603693,64.61,,,
new,2020.01.14D07:59:47.301637529,LO_oid586653,LLOY.L,S,1403505,55.81,,,
new,2020.01.14D07:59:48.048820946,LO_oid586658,LLOY.L,B,1603693,64.61,,,
new,2020.01.14D07:59:48.048820946,LO_oid586659,LLOY.L,S,1360576,55.81,,,
new,2020.01.14D07:59:48.052760235,LO_oid586664,LLOY.L,B,1603693,64.61,,,
new,2020.01.14D07:59:48.052760235,LO_oid586665,LLOY.L,S,1417464,55.81,,,
new,2020.01.14D07:59:48.301707053,LO_oid586668,LLOY.L,B,1626080,64.61,,,
new,2020.01.14D07:59:48.301707053,LO_oid586669,LLOY.L,S,1417464,55.81,,,
new,2020.01.14D07:59:48.352780826,LO_oid586670,LLOY.L,B,1626080,64.61,,,
new,2020.01.14D07:59:48.352780826,LO_oid586671,LLOY.L,S,1474068,55.81,,,
new,2020.01.14D07:59:48.992703246,LO_oid586676,LLOY.L,B,1626080,64.61,,,
new,2020.01.14D07:59:48.992703246,LO_oid586677,LLOY.L,S,1503351,55.81,,,
new,2020.01.14D07:59:49.032705059,LO_oid586678,LLOY.L,B,1623580,64.61,,,
new,2020.01.14D07:59:49.032705059,LO_oid586679,LLOY.L,S,1503351,55.81,,,
new,2020.01.14D07:59:50.083846491,LO_oid586702,LLOY.L,B,1623921,64.61,,,
new,2020.01.14D07:59:50.083846491,LO_oid586703,LLOY.L,S,1503351,55.81,,,
new,2020.01.14D07:59:50.204224115,LO_oid586738,LLOY.L,B,1625606,64.61,,,
new,2020.01.14D07:59:50.204224115,LO_oid586739,LLOY.L,S,1503351,55.81,,,
new,2020.01.14D07:59:52.035916332,LO_oid586766,LLOY.L,B,1628444,64.61,,,
new,2020.01.14D07:59:52.035916332,LO_oid586767,LLOY.L,S,1503351,55.81,,,
new,2020.01.14D07:59:54.052030254,LO_oid586778,LLOY.L,B,1628444,64.61,,,
new,2020.01.14D07:59:54.052030254,LO_oid586779,LLOY.L,S,1507309,55.81,,,
new,2020.01.14D07:59:55.136183205,LO_oid586824,LLOY.L,B,1628444,64.61,,,
new,2020.01.14D07:59:55.136183205,LO_oid586825,LLOY.L,S,1540041,55.81,,,
new,2020.01.14D07:59:55.244188019,LO_oid586828,LLOY.L,B,1628444,64.61,,,
new,2020.01.14D07:59:55.244188019,LO_oid586829,LLOY.L,S,1540042,55.81,,,
new,2020.01.14D07:59:55.516196271,LO_oid586836,LLOY.L,B,1628444,64.61,,,
new,2020.01.14D07:59:55.516196271,LO_oid586837,LLOY.L,S,1539885,55.81,,,
new,2020.01.14D07:59:55.740198829,LO_oid586844,LLOY.L,B,1628444,64.61,,,
new,2020.01.14D07:59:55.740198829,LO_oid586845,LLOY.L,S,1669655,55.81,,,
new,2020.01.14D07:59:55.856173076,LO_oid586852,LLOY.L,B,1646594,64.61,,,
new,2020.01.14D07:59:55.856173076,LO_oid586853,LLOY.L,S,1669655,55.81,,,
new,2020.01.14D07:59:56.056158502,LO_oid586862,LLOY.L,B,1646594,64.61,,,
new,2020.01.14D07:59:56.056158502,LO_oid586863,LLOY.L,S,1787076,55.81,,,
new,2020.01.14D07:59:57.360240338,LO_oid586910,LLOY.L,B,1646594,64.61,,,
new,2020.01.14D07:59:57.360240338,LO_oid586911,LLOY.L,S,2179803,55.81,,,
new,2020.01.14D07:59:58.020355442,LO_oid586930,LLOY.L,B,1656745,64.61,,,
new,2020.01.14D07:59:58.020355442,LO_oid586931,LLOY.L,S,2179803,55.81,,,
new,2020.01.14D07:59:58.052353038,LO_oid586932,LLOY.L,B,1656745,64.61,,,
new,2020.01.14D07:59:58.052353038,LO_oid586933,LLOY.L,S,2196939,55.81,,,
new,2020.01.14D07:59:59.064416083,LO_oid586984,LLOY.L,B,1656745,64.61,,,
new,2020.01.14D07:59:59.064416083,LO_oid586985,LLOY.L,S,2204138,55.81,,,
new,2020.01.14D07:59:59.072417780,LO_oid586986,LLOY.L,B,1656745,64.61,,,
new,2020.01.14D07:59:59.072417780,LO_oid586987,LLOY.L,S,2196939,55.81,,,
new,2020.01.14D07:59:59.116414314,LO_oid586990,LLOY.L,B,1656745,64.61,,,
new,2020.01.14D07:59:59.116414314,LO_oid586991,LLOY.L,S,2231451,55.81,,,
new,2020.01.14D07:59:59.392445791,LO_oid587002,LLOY.L,B,1656745,64.61,,,
new,2020.01.14D07:59:59.392445791,LO_oid587003,LLOY.L,S,2231450,55.81,,,
new,2020.01.14D07:59:59.956431713,LO_oid587014,LLOY.L,B,1658919,64.61,,,
new,2020.01.14D07:59:59.956431713,LO_oid587015,LLOY.L,S,2231450,55.81,,,
new,2020.01.14D07:50:00.084420127,LO_oid580865,VOD.L,B,27700,148,,,
new,2020.01.14D07:50:00.084420127,LO_oid580866,VOD.L,S,4000,153,,,
new,2020.01.14D07:50:00.092260495,LO_oid580875,VOD.L,B,17,150.92,,,
new,2020.01.14D07:50:00.092260495,LO_oid580876,VOD.L,S,4000,153,,,
new,2020.01.14D07:50:00.108410882,LO_oid580890,VOD.L,B,17,151.6,,,
new,2020.01.14D07:50:00.108410882,LO_oid580891,VOD.L,B,34,151.6,,,
new,2020.01.14D07:50:00.108410882,LO_oid580892,VOD.L,S,4000,153,,,
new,2020.01.14D07:50:01.584213526,LO_oid580972,VOD.L,B,34,151.6,,,
new,2020.01.14D07:50:01.584213526,LO_oid580973,VOD.L,S,15100,153,,,
new,2020.01.14D07:50:01.756273444,LO_oid580978,VOD.L,B,25000,152,,,
new,2020.01.14D07:50:01.756273444,LO_oid580979,VOD.L,S,15100,153,,,
new,2020.01.14D07:50:01.756533565,LO_oid580980,VOD.L,B,37000,152,,,
new,2020.01.14D07:50:01.756533565,LO_oid580981,VOD.L,S,15100,153,,,
new,2020.01.14D07:50:01.760218525,LO_oid580982,VOD.L,B,52000,152,,,
new,2020.01.14D07:50:01.760218525,LO_oid580983,VOD.L,S,15100,153,,,
new,2020.01.14D07:50:01.760527133,LO_oid580984,VOD.L,B,52000,152,,,
new,2020.01.14D07:50:01.760527133,LO_oid580985,VOD.L,S,29600,153,,,
new,2020.01.14D07:50:01.768534726,LO_oid580986,VOD.L,B,77000,152,,,
new,2020.01.14D07:50:01.768534726,LO_oid580987,VOD.L,S,29600,153,,,
new,2020.01.14D07:50:01.776240159,LO_oid580988,VOD.L,B,77000,152,,,
new,2020.01.14D07:50:01.776240159,LO_oid580989,VOD.L,S,31714,153,,,
new,2020.01.14D07:50:02.080556222,LO_oid581002,VOD.L,B,77000,152,,,
new,2020.01.14D07:50:02.080556222,LO_oid581003,VOD.L,S,33952,152,,,
new,2020.01.14D07:50:02.080556222,LO_oid581004,VOD.L,S,32234,150.92,,,
new,2020.01.14D07:50:02.092256135,LO_oid581007,VOD.L,B,102147,152,,,
new,2020.01.14D07:50:02.092256135,LO_oid581008,VOD.L,S,32234,150.92,,,
new,2020.01.14D07:50:02.108337186,LO_oid581015,VOD.L,B,102147,152,,,
new,2020.01.14D07:50:02.108337186,LO_oid581016,VOD.L,S,33489,150.92,,,
new,2020.01.14D07:50:02.420258802,LO_oid581042,VOD.L,B,102147,152,,,
new,2020.01.14D07:50:02.420258802,LO_oid581043,VOD.L,S,33499,150.92,,,
new,2020.01.14D07:50:02.756304957,LO_oid581046,VOD.L,B,102147,152,,,
new,2020.01.14D07:50:02.756304957,LO_oid581047,VOD.L,S,38551,150.92,,,
new,2020.01.14D07:50:03.052301724,LO_oid581052,VOD.L,B,102197,152,,,
new,2020.01.14D07:50:03.052301724,LO_oid581053,VOD.L,S,38551,150.92,,,
new,2020.01.14D07:50:05.052372552,LO_oid581090,VOD.L,B,102197,152,,,
new,2020.01.14D07:50:05.052372552,LO_oid581091,VOD.L,S,105151,150.92,,,
new,2020.01.14D07:50:05.076391275,LO_oid581098,VOD.L,B,102197,152,,,
new,2020.01.14D07:50:05.076391275,LO_oid581099,VOD.L,S,108267,150.92,,,
new,2020.01.14D07:50:05.076774764,LO_oid581100,VOD.L,B,102233,152,,,
new,2020.01.14D07:50:05.076774764,LO_oid581101,VOD.L,S,108267,150.92,,,
new,2020.01.14D07:50:05.552422585,LO_oid581130,VOD.L,B,40673,156.16,,,
new,2020.01.14D07:50:05.552422585,LO_oid581131,VOD.L,S,108267,150.92,,,
new,2020.01.14D07:50:05.768819198,LO_oid581138,VOD.L,B,40673,156.16,,,
new,2020.01.14D07:50:05.768819198,LO_oid581139,VOD.L,S,121565,150.92,,,
new,2020.01.14D07:50:06.760455759,LO_oid581174,VOD.L,B,40673,156.16,,,
new,2020.01.14D07:50:06.760455759,LO_oid581175,VOD.L,S,119626,150.92,,,
new,2020.01.14D07:50:10.212619700,LO_oid581260,VOD.L,B,40673,156.16,,,
new,2020.01.14D07:50:10.212619700,LO_oid581261,VOD.L,S,133358,144.04,,,
new,2020.01.14D07:50:10.220651661,LO_oid581262,VOD.L,B,40728,156.16,,,
new,2020.01.14D07:50:10.220651661,LO_oid581263,VOD.L,S,133358,144.04,,,
new,2020.01.14D07:50:10.772658196,LO_oid581322,VOD.L,B,40728,156.16,,,
new,2020.01.14D07:50:10.772658196,LO_oid581323,VOD.L,S,136705,144.04,,,
new,2020.01.14D07:50:15.595926797,LO_oid581440,VOD.L,B,40728,156.16,,,
new,2020.01.14D07:50:15.595926797,LO_oid581441,VOD.L,S,136707,144.04,,,
new,2020.01.14D07:50:20.712134203,LO_oid581496,VOD.L,B,27843,160.7,,,
new,2020.01.14D07:50:20.712134203,LO_oid581497,VOD.L,S,136707,144.04,,,
new,2020.01.14D07:50:26.792458417,LO_oid581576,VOD.L,B,27843,160.7,,,
new,2020.01.14D07:50:26.792458417,LO_oid581577,VOD.L,S,137641,144.04,,,
new,2020.01.14D07:50:26.844557064,LO_oid581578,VOD.L,B,27843,160.7,,,
new,2020.01.14D07:50:26.844557064,LO_oid581579,VOD.L,S,138180,144.04,,,
new,2020.01.14D07:50:29.379656509,LO_oid581591,VOD.L,B,28853,160.7,,,
new,2020.01.14D07:50:29.379656509,LO_oid581592,VOD.L,S,138180,144.04,,,
new,2020.01.14D07:50:30.068559152,LO_oid581595,VOD.L,B,28875,160.7,,,
new,2020.01.14D07:50:30.068559152,LO_oid581596,VOD.L,S,138180,144.04,,,
new,2020.01.14D07:50:30.139731408,LO_oid581607,VOD.L,B,28875,160.7,,,
new,2020.01.14D07:50:30.139731408,LO_oid581608,VOD.L,S,138368,144.04,,,
new,2020.01.14D07:50:30.311739982,LO_oid581625,VOD.L,B,53000,160.7,,,
new,2020.01.14D07:50:30.311739982,LO_oid581626,VOD.L,S,138368,144.04,,,
new,2020.01.14D07:51:00.080196063,LO_oid581916,VOD.L,B,66145,160.7,,,
new,2020.01.14D07:51:00.080196063,LO_oid581917,VOD.L,S,138368,144.04,,,
new,2020.01.14D07:51:00.800171853,LO_oid581940,VOD.L,B,66145,160.7,,,
new,2020.01.14D07:51:00.800171853,LO_oid581941,VOD.L,S,141412,144.04,,,
new,2020.01.14D07:51:10.983691302,LO_oid582022,VOD.L,B,66145,160.7,,,
new,2020.01.14D07:51:10.983691302,LO_oid582023,VOD.L,S,151049,144.04,,,
new,2020.01.14D07:51:12.355773790,LO_oid582052,VOD.L,B,66145,160.7,,,
new,2020.01.14D07:51:12.355773790,LO_oid582053,VOD.L,S,160686,144.04,,,
new,2020.01.14D07:51:12.807876480,LO_oid582070,VOD.L,B,66145,160.7,,,
new,2020.01.14D07:51:12.807876480,LO_oid582071,VOD.L,S,161637,144.04,,,
new,2020.01.14D07:51:25.795427857,LO_oid582225,VOD.L,B,40687,166.78,,,
new,2020.01.14D07:51:25.795427857,LO_oid582226,VOD.L,S,161637,144.04,,,
new,2020.01.14D07:53:10.922738334,LO_oid583043,VOD.L,B,40687,166.78,,,
new,2020.01.14D07:53:10.922738334,LO_oid583044,VOD.L,S,164358,144.04,,,
new,2020.01.14D07:53:11.247162426,LO_oid583045,VOD.L,B,40687,166.78,,,
new,2020.01.14D07:53:11.247162426,LO_oid583046,VOD.L,S,169158,144.04,,,
new,2020.01.14D07:53:18.279101096,LO_oid583105,VOD.L,B,45487,166.78,,,
new,2020.01.14D07:53:18.279101096,LO_oid583106,VOD.L,S,169158,144.04,,,
new,2020.01.14D07:53:18.923176645,LO_oid583107,VOD.L,B,45487,166.78,,,
new,2020.01.14D07:53:18.923176645,LO_oid583108,VOD.L,S,170856,144.04,,,
new,2020.01.14D07:55:00.094281651,LO_oid583795,VOD.L,B,42539,166.78,,,
new,2020.01.14D07:55:00.094281651,LO_oid583796,VOD.L,S,170856,144.04,,,
new,2020.01.14D07:55:00.282197155,LO_oid583807,VOD.L,B,43412,166.78,,,
new,2020.01.14D07:55:00.282197155,LO_oid583808,VOD.L,S,170856,144.04,,,
new,2020.01.14D07:55:08.198634938,LO_oid583882,VOD.L,B,44322,166.78,,,
new,2020.01.14D07:55:08.198634938,LO_oid583883,VOD.L,S,170856,144.04,,,
new,2020.01.14D07:55:27.925693040,LO_oid584074,VOD.L,B,49322,166.78,,,
new,2020.01.14D07:55:27.925693040,LO_oid584075,VOD.L,S,170856,144.04,,,
new,2020.01.14D07:55:28.157636294,LO_oid584078,VOD.L,B,51892,166.78,,,
new,2020.01.14D07:55:28.157636294,LO_oid584079,VOD.L,S,170856,144.04,,,
new,2020.01.14D07:55:29.041639945,LO_oid584088,VOD.L,B,51892,166.78,,,
new,2020.01.14D07:55:29.041639945,LO_oid584089,VOD.L,S,171753,144.04,,,
new,2020.01.14D07:55:30.118080190,LO_oid584109,VOD.L,B,51998,166.78,,,
new,2020.01.14D07:55:30.118080190,LO_oid584110,VOD.L,S,171753,144.04,,,
new,2020.01.14D07:55:30.121738829,LO_oid584111,VOD.L,B,51998,166.78,,,
new,2020.01.14D07:55:30.121738829,LO_oid584112,VOD.L,S,171967,144.04,,,
new,2020.01.14D07:55:30.177760533,LO_oid584138,VOD.L,B,51998,166.78,,,
new,2020.01.14D07:55:30.177760533,LO_oid584139,VOD.L,S,176295,144.04,,,
new,2020.01.14D07:55:31.933846873,LO_oid584170,VOD.L,B,52323,166.78,,,
new,2020.01.14D07:55:31.933846873,LO_oid584171,VOD.L,S,176295,144.04,,,
new,2020.01.14D07:55:40.050796138,LO_oid584236,VOD.L,B,52323,166.78,,,
new,2020.01.14D07:55:40.050796138,LO_oid584237,VOD.L,S,176588,144.04,,,
new,2020.01.14D07:55:41.078869196,LO_oid584256,VOD.L,B,52323,166.78,,,
new,2020.01.14D07:55:41.078869196,LO_oid584257,VOD.L,S,177868,144.04,,,
new,2020.01.14D07:56:15.126007890,LO_oid584556,VOD.L,B,52323,166.78,,,
new,2020.01.14D07:56:15.126007890,LO_oid584557,VOD.L,S,260868,144.04,,,
new,2020.01.14D07:56:16.078105572,LO_oid584560,VOD.L,B,52323,166.78,,,
new,2020.01.14D07:56:16.078105572,LO_oid584561,VOD.L,S,273957,144.04,,,
new,2020.01.14D07:56:29.233750674,LO_oid584664,VOD.L,B,52323,166.78,,,
new,2020.01.14D07:56:29.233750674,LO_oid584665,VOD.L,S,283594,144.04,,,
new,2020.01.14D07:56:30.097731977,LO_oid584686,VOD.L,B,56271,166.78,,,
new,2020.01.14D07:56:30.097731977,LO_oid584687,VOD.L,S,283594,144.04,,,
new,2020.01.14D07:56:30.098388810,LO_oid584688,VOD.L,B,56271,166.78,,,
new,2020.01.14D07:56:30.098388810,LO_oid584689,VOD.L,S,285430,144.04,,,
new,2020.01.14D07:56:30.137774686,LO_oid584690,VOD.L,B,56271,166.78,,,
new,2020.01.14D07:56:30.137774686,LO_oid584691,VOD.L,S,285429,144.04,,,
new,2020.01.14D07:56:30.141732878,LO_oid584692,VOD.L,B,56271,166.78,,,
new,2020.01.14D07:56:30.141732878,LO_oid584693,VOD.L,S,285320,144.04,,,
new,2020.01.14D07:56:49.057777459,LO_oid584848,VOD.L,B,56271,166.78,,,
new,2020.01.14D07:56:49.057777459,LO_oid584849,VOD.L,S,275683,144.04,,,
new,2020.01.14D07:56:49.109755217,LO_oid584856,VOD.L,B,56271,166.78,,,
new,2020.01.14D07:56:49.109755217,LO_oid584857,VOD.L,S,273826,144.04,,,
new,2020.01.14D07:56:54.196950382,LO_oid584886,VOD.L,B,56271,166.78,,,
new,2020.01.14D07:56:54.196950382,LO_oid584887,VOD.L,S,273827,144.04,,,
new,2020.01.14D07:57:00.629323815,LO_oid584951,VOD.L,B,56271,166.78,,,
new,2020.01.14D07:57:00.629323815,LO_oid584952,VOD.L,S,276174,144.04,,,
new,2020.01.14D07:57:01.137336664,LO_oid584977,VOD.L,B,56271,166.78,,,
new,2020.01.14D07:57:01.137336664,LO_oid584978,VOD.L,S,276624,144.04,,,
new,2020.01.14D07:57:02.117393156,LO_oid584991,VOD.L,B,56271,166.78,,,
new,2020.01.14D07:57:02.117393156,LO_oid584992,VOD.L,S,278018,144.04,,,
new,2020.01.14D07:58:15.169098413,LO_oid585624,VOD.L,B,56271,166.78,,,
new,2020.01.14D07:58:15.169098413,LO_oid585625,VOD.L,S,268381,144.04,,,
new,2020.01.14D07:58:16.173174464,LO_oid585659,VOD.L,B,56271,166.78,,,
new,2020.01.14D07:58:16.173174464,LO_oid585660,VOD.L,S,266545,144.04,,,
new,2020.01.14D07:58:28.716750930,LO_oid585762,VOD.L,B,56271,166.78,,,
new,2020.01.14D07:58:28.716750930,LO_oid585763,VOD.L,S,276182,144.04,,,
new,2020.01.14D07:58:29.180798231,LO_oid585774,VOD.L,B,56271,166.78,,,
new,2020.01.14D07:58:29.180798231,LO_oid585775,VOD.L,S,278018,144.04,,,
new,2020.01.14D07:58:57.324952522,LO_oid585957,VOD.L,B,56271,166.78,,,
new,2020.01.14D07:58:57.324952522,LO_oid585958,VOD.L,S,270540,142.54,,,
new,2020.01.14D07:58:58.196253942,LO_oid585989,VOD.L,B,56271,166.78,,,
new,2020.01.14D07:58:58.196253942,LO_oid585990,VOD.L,S,272674,142.54,,,
new,2020.01.14D07:59:13.200999689,LO_oid586133,VOD.L,B,56271,166.78,,,
new,2020.01.14D07:59:13.200999689,LO_oid586134,VOD.L,S,263037,142.54,,,
new,2020.01.14D07:59:13.204967689,LO_oid586152,VOD.L,B,56271,166.78,,,
new,2020.01.14D07:59:13.204967689,LO_oid586153,VOD.L,S,253400,142.54,,,
new,2020.01.14D07:59:14.212061267,LO_oid586189,VOD.L,B,56271,166.78,,,
new,2020.01.14D07:59:14.212061267,LO_oid586190,VOD.L,S,249729,142.54,,,
new,2020.01.14D07:59:27.540675063,LO_oid586318,VOD.L,B,122654,166.78,,,
new,2020.01.14D07:59:27.540675063,LO_oid586319,VOD.L,S,249729,142.54,,,
new,2020.01.14D07:59:29.756831882,LO_oid586360,VOD.L,B,122654,166.78,,,
new,2020.01.14D07:59:29.756831882,LO_oid586361,VOD.L,S,249772,142.54,,,
new,2020.01.14D07:59:30.064867138,LO_oid586368,VOD.L,B,120100,166.78,,,
new,2020.01.14D07:59:30.064867138,LO_oid586369,VOD.L,S,249772,142.54,,,
new,2020.01.14D07:59:32.155900644,LO_oid586434,VOD.L,B,120234,166.78,,,
new,2020.01.14D07:59:32.155900644,LO_oid586435,VOD.L,S,249772,142.54,,,
new,2020.01.14D07:59:33.219966074,LO_oid586466,VOD.L,B,120234,166.78,,,
new,2020.01.14D07:59:33.219966074,LO_oid586467,VOD.L,S,251434,142.54,,,
new,2020.01.14D07:59:33.976005166,LO_oid586482,VOD.L,B,120516,166.78,,,
new,2020.01.14D07:59:33.976005166,LO_oid586483,VOD.L,S,251434,142.54,,,
new,2020.01.14D07:59:34.968014842,LO_oid586504,VOD.L,B,120531,166.78,,,
new,2020.01.14D07:59:34.968014842,LO_oid586505,VOD.L,S,251434,142.54,,,
new,2020.01.14D07:59:38.876968047,LO_oid586550,VOD.L,B,120531,166.78,,,
new,2020.01.14D07:59:38.876968047,LO_oid586551,VOD.L,S,261071,142.54,,,
new,2020.01.14D07:59:39.228998558,LO_oid586574,VOD.L,B,120531,166.78,,,
new,2020.01.14D07:59:39.228998558,LO_oid586575,VOD.L,S,262907,142.54,,,
new,2020.01.14D07:59:39.880300483,LO_oid586586,VOD.L,B,120997,166.78,,,
new,2020.01.14D07:59:39.880300483,LO_oid586587,VOD.L,S,262907,142.54,,,
new,2020.01.14D07:59:50.103892341,LO_oid586710,VOD.L,B,120997,166.78,,,
new,2020.01.14D07:59:50.103892341,LO_oid586711,VOD.L,S,263142,142.54,,,
new,2020.01.14D07:59:50.120731097,LO_oid586718,VOD.L,B,121079,166.78,,,
new,2020.01.14D07:59:50.120731097,LO_oid586719,VOD.L,S,263142,142.54,,,
new,2020.01.14D07:59:50.147913603,LO_oid586730,VOD.L,B,116002,166.78,,,
new,2020.01.14D07:59:50.147913603,LO_oid586731,VOD.L,S,263142,142.54,,,
new,2020.01.14D07:59:55.424097611,LO_oid586834,VOD.L,B,121614,166.78,,,
new,2020.01.14D07:59:55.424097611,LO_oid586835,VOD.L,S,263142,142.54,,,
new,2020.01.14D07:59:57.780319442,LO_oid586928,VOD.L,B,122728,166.78,,,
new,2020.01.14D07:59:57.780319442,LO_oid586929,VOD.L,S,263142,142.54,,,
new,2020.01.14D07:59:58.240363735,LO_oid586956,VOD.L,B,122728,166.78,,,
new,2020.01.14D07:59:58.240363735,LO_oid586957,VOD.L,S,268533,142.54,,,
new,2020.01.14D07:59:59.140424349,LO_oid586994,VOD.L,B,132399,166.78,,,
new,2020.01.14D07:59:59.140424349,LO_oid586995,VOD.L,S,268533,142.54,,,
new,2020.01.14D07:59:59.244413219,LO_oid586998,VOD.L,B,132399,166.78,,,
new,2020.01.14D07:59:59.244413219,LO_oid586999,VOD.L,S,275888,142.54,,,
new,2020.01.14D07:59:59.828506208,LO_oid587012,VOD.L,B,134232,166.78,,,
new,2020.01.14D07:59:59.828506208,LO_oid587013,VOD.L,S,275888,142.54,,,
new,2020.01.15D07:50:00.070958285,LO_oid582659,BARC.L,B,1000,179,,,
new,2020.01.15D07:50:00.070958285,LO_oid582660,BARC.L,B,5020,179,,,
new,2020.01.15D07:50:00.070958285,LO_oid582661,BARC.L,S,6911,182,,,
new,2020.01.15D07:50:01.391039759,LO_oid582754,BARC.L,B,21780,179,,,
new,2020.01.15D07:50:01.391039759,LO_oid582755,BARC.L,S,6911,182,,,
new,2020.01.15D07:50:01.574087602,LO_oid582764,BARC.L,B,23380,179,,,
new,2020.01.15D07:50:01.574087602,LO_oid582765,BARC.L,S,6911,182,,,
new,2020.01.15D07:50:02.081674545,LO_oid582782,BARC.L,B,23380,179,,,
new,2020.01.15D07:50:02.081674545,LO_oid582783,BARC.L,S,6971,182,,,
new,2020.01.15D07:50:02.082118970,LO_oid582784,BARC.L,B,1622,180,,,
new,2020.01.15D07:50:02.082118970,LO_oid582785,BARC.L,S,6971,182,,,
new,2020.01.15D07:50:02.137710583,LO_oid582816,BARC.L,B,1622,180,,,
new,2020.01.15D07:50:02.137710583,LO_oid582817,BARC.L,S,9489,182,,,
new,2020.01.15D07:50:03.397781145,LO_oid582850,BARC.L,B,1622,180,,,
new,2020.01.15D07:50:03.397781145,LO_oid582851,BARC.L,S,9560,182,,,
new,2020.01.15D07:50:11.342786046,LO_oid583002,BARC.L,B,2452,196,,,
new,2020.01.15D07:50:11.342786046,LO_oid583003,BARC.L,S,9560,182,,,
new,2020.01.15D07:50:11.350082886,LO_oid583004,BARC.L,B,3304,196,,,
new,2020.01.15D07:50:11.350082886,LO_oid583005,BARC.L,S,9560,182,,,
new,2020.01.15D07:50:16.158268498,LO_oid583086,BARC.L,B,3304,196,,,
new,2020.01.15D07:50:16.158268498,LO_oid583087,BARC.L,S,19792,182,,,
new,2020.01.15D07:50:18.062308516,LO_oid583104,BARC.L,B,22859,196,,,
new,2020.01.15D07:50:18.062308516,LO_oid583105,BARC.L,S,19792,182,,,
new,2020.01.15D07:50:18.298334230,LO_oid583117,BARC.L,B,22859,196,,,
new,2020.01.15D07:50:18.298334230,LO_oid583118,BARC.L,S,20080,182,,,
new,2020.01.15D07:50:19.350317482,LO_oid583137,BARC.L,B,41949,196,,,
new,2020.01.15D07:50:19.350317482,LO_oid583138,BARC.L,S,20080,182,,,
new,2020.01.15D07:50:23.413454602,LO_oid583175,BARC.L,B,41949,196,,,
new,2020.01.15D07:50:23.413454602,LO_oid583176,BARC.L,S,20896,182,,,
new,2020.01.15D07:50:30.657838370,LO_oid583262,BARC.L,B,41949,196,,,
new,2020.01.15D07:50:30.657838370,LO_oid583263,BARC.L,S,30896,182,,,
new,2020.01.15D07:50:30.658153011,LO_oid583264,BARC.L,B,46092,196,,,
new,2020.01.15D07:50:30.658153011,LO_oid583265,BARC.L,S,30896,182,,,
new,2020.01.15D07:50:41.341157991,LO_oid583348,BARC.L,B,60420,196,,,
new,2020.01.15D07:50:41.341157991,LO_oid583349,BARC.L,S,30896,182,,,
new,2020.01.15D07:50:41.353879890,LO_oid583350,BARC.L,B,70606,196,,,
new,2020.01.15D07:50:41.353879890,LO_oid583351,BARC.L,S,30896,182,,,
new,2020.01.15D07:50:43.393252274,LO_oid583354,BARC.L,B,70606,196,,,
new,2020.01.15D07:50:43.393252274,LO_oid583355,BARC.L,S,31698,182,,,
new,2020.01.15D07:50:58.269079463,LO_oid583426,BARC.L,B,70606,196,,,
new,2020.01.15D07:50:58.269079463,LO_oid583427,BARC.L,S,25351,179.76,,,
new,2020.01.15D07:51:00.972879419,LO_oid583497,BARC.L,B,70606,196,,,
new,2020.01.15D07:51:00.972879419,LO_oid583498,BARC.L,S,40903,179.76,,,
new,2020.01.15D07:51:11.341300938,LO_oid583561,BARC.L,B,75737,196,,,
new,2020.01.15D07:51:11.341300938,LO_oid583562,BARC.L,S,40903,179.76,,,
new,2020.01.15D07:51:43.004504831,LO_oid583716,BARC.L,B,75737,196,,,
new,2020.01.15D07:51:43.004504831,LO_oid583717,BARC.L,S,53244,179.76,,,
new,2020.01.15D07:51:44.520564417,LO_oid583752,BARC.L,B,75737,196,,,
new,2020.01.15D07:51:44.520564417,LO_oid583753,BARC.L,S,40903,179.76,,,
new,2020.01.15D07:52:01.720636235,LO_oid583864,BARC.L,B,75992,196,,,
new,2020.01.15D07:52:01.720636235,LO_oid583865,BARC.L,S,40903,179.76,,,
new,2020.01.15D07:52:11.343539240,LO_oid583917,BARC.L,B,61664,196,,,
new,2020.01.15D07:52:11.343539240,LO_oid583918,BARC.L,S,40903,179.76,,,
new,2020.01.15D07:52:11.344276953,LO_oid583919,BARC.L,B,56533,196,,,
new,2020.01.15D07:52:11.344276953,LO_oid583920,BARC.L,S,40903,179.76,,,
new,2020.01.15D07:52:11.348272530,LO_oid583921,BARC.L,B,74590,196,,,
new,2020.01.15D07:52:11.348272530,LO_oid583922,BARC.L,S,40903,179.76,,,
new,2020.01.15D07:53:06.974590228,LO_oid584274,BARC.L,B,74590,196,,,
new,2020.01.15D07:53:06.974590228,LO_oid584275,BARC.L,S,42051,179.76,,,
new,2020.01.15D07:53:11.342754841,LO_oid584307,BARC.L,B,73738,196,,,
new,2020.01.15D07:53:11.342754841,LO_oid584308,BARC.L,S,42051,179.76,,,
new,2020.01.15D07:53:11.343562731,LO_oid584309,BARC.L,B,55681,196,,,
new,2020.01.15D07:53:11.343562731,LO_oid584310,BARC.L,S,42051,179.76,,,
new,2020.01.15D07:53:11.346705098,LO_oid584311,BARC.L,B,71917,196,,,
new,2020.01.15D07:53:11.346705098,LO_oid584312,BARC.L,S,42051,179.76,,,
new,2020.01.15D07:53:41.342661832,LO_oid584489,BARC.L,B,55681,196,,,
new,2020.01.15D07:53:41.342661832,LO_oid584490,BARC.L,S,42051,179.76,,,
new,2020.01.15D07:53:41.345878039,LO_oid584491,BARC.L,B,70466,196,,,
new,2020.01.15D07:53:41.345878039,LO_oid584492,BARC.L,S,42051,179.76,,,
new,2020.01.15D07:55:00.223778290,LO_oid585023,BARC.L,B,71532,196,,,
new,2020.01.15D07:55:00.223778290,LO_oid585024,BARC.L,S,42051,179.76,,,
new,2020.01.15D07:55:00.615775277,LO_oid585029,BARC.L,B,71984,196,,,
new,2020.01.15D07:55:00.615775277,LO_oid585030,BARC.L,S,42051,179.76,,,
new,2020.01.15D07:55:30.119949160,LO_oid585262,BARC.L,B,94479,196,,,
new,2020.01.15D07:55:30.119949160,LO_oid585263,BARC.L,S,42051,179.76,,,
new,2020.01.15D07:55:30.191999224,LO_oid585274,BARC.L,B,94621,196,,,
new,2020.01.15D07:55:30.191999224,LO_oid585275,BARC.L,S,42051,179.76,,,
new,2020.01.15D07:55:41.347324440,LO_oid585408,BARC.L,B,97323,196,,,
new,2020.01.15D07:55:41.347324440,LO_oid585409,BARC.L,S,42051,179.76,,,
new,2020.01.15D07:57:00.618238129,LO_oid586191,BARC.L,B,97323,196,,,
new,2020.01.15D07:57:00.618238129,LO_oid586192,BARC.L,S,43998,179.76,,,
new,2020.01.15D07:57:01.082242748,LO_oid586217,BARC.L,B,103043,196,,,
new,2020.01.15D07:57:01.082242748,LO_oid586218,BARC.L,S,43998,179.76,,,
new,2020.01.15D07:57:02.861309101,LO_oid586261,BARC.L,B,103043,196,,,
new,2020.01.15D07:57:02.861309101,LO_oid586262,BARC.L,S,44907,179.76,,,
new,2020.01.15D07:57:11.345670798,LO_oid586373,BARC.L,B,100341,196,,,
new,2020.01.15D07:57:11.345670798,LO_oid586374,BARC.L,S,44907,179.76,,,
new,2020.01.15D07:57:11.346614656,LO_oid586375,BARC.L,B,100364,196,,,
new,2020.01.15D07:57:11.346614656,LO_oid586376,BARC.L,S,44907,179.76,,,
new,2020.01.15D07:58:11.347894165,LO_oid586889,BARC.L,B,85579,196,,,
new,2020.01.15D07:58:11.347894165,LO_oid586890,BARC.L,S,44907,179.76,,,
new,2020.01.15D07:58:11.348871319,LO_oid586891,BARC.L,B,85556,196,,,
new,2020.01.15D07:58:11.348871319,LO_oid586892,BARC.L,B,98086,196,,,
new,2020.01.15D07:58:11.348871319,LO_oid586893,BARC.L,S,44907,179.76,,,
new,2020.01.15D07:58:30.056192507,LO_oid587049,BARC.L,B,98086,196,,,
new,2020.01.15D07:58:30.056192507,LO_oid587050,BARC.L,S,44907,177.7,,,
new,2020.01.15D07:59:15.079235977,LO_oid587412,BARC.L,B,100630,196,,,
new,2020.01.15D07:59:15.079235977,LO_oid587413,BARC.L,S,44907,177.7,,,
new,2020.01.15D07:59:27.607269015,LO_oid587486,BARC.L,B,100630,196,,,
new,2020.01.15D07:59:27.607269015,LO_oid587487,BARC.L,S,45237,177.7,,,
new,2020.01.15D07:59:28.702790364,LO_oid587508,BARC.L,B,100630,196,,,
new,2020.01.15D07:59:28.702790364,LO_oid587509,BARC.L,S,51465,177.7,,,
new,2020.01.15D07:59:30.055426950,LO_oid587572,BARC.L,B,99907,196,,,
new,2020.01.15D07:59:30.055426950,LO_oid587573,BARC.L,S,51465,177.7,,,
new,2020.01.15D07:59:31.986849925,LO_oid587614,BARC.L,B,99946,196,,,
new,2020.01.15D07:59:31.986849925,LO_oid587615,BARC.L,S,51465,177.7,,,
new,2020.01.15D07:59:32.350922548,LO_oid587631,BARC.L,B,99968,196,,,
new,2020.01.15D07:59:32.350922548,LO_oid587632,BARC.L,S,51465,177.7,,,
new,2020.01.15D07:59:33.298938778,LO_oid587643,BARC.L,B,100157,196,,,
new,2020.01.15D07:59:33.298938778,LO_oid587644,BARC.L,S,51465,177.7,,,
new,2020.01.15D07:59:33.730929281,LO_oid587653,BARC.L,B,100190,196,,,
new,2020.01.15D07:59:33.730929281,LO_oid587654,BARC.L,S,51465,177.7,,,
new,2020.01.15D07:59:46.066400657,LO_oid587779,BARC.L,B,87660,196,,,
new,2020.01.15D07:59:46.066400657,LO_oid587780,BARC.L,S,51465,177.7,,,
new,2020.01.15D07:59:46.066560921,LO_oid587781,BARC.L,B,98698,196,,,
new,2020.01.15D07:59:46.066560921,LO_oid587782,BARC.L,S,51465,177.7,,,
new,2020.01.15D07:59:46.162385467,LO_oid587791,BARC.L,B,98641,196,,,
new,2020.01.15D07:59:46.162385467,LO_oid587792,BARC.L,S,51465,177.7,,,
new,2020.01.15D07:59:50.078543098,LO_oid587828,BARC.L,B,98219,196,,,
new,2020.01.15D07:59:50.078543098,LO_oid587829,BARC.L,S,51465,177.7,,,
new,2020.01.15D07:59:50.094594596,LO_oid587842,BARC.L,B,98220,196,,,
new,2020.01.15D07:59:50.094594596,LO_oid587843,BARC.L,S,51465,177.7,,,
new,2020.01.15D07:59:50.106568869,LO_oid587846,BARC.L,B,98220,196,,,
new,2020.01.15D07:59:50.106568869,LO_oid587847,BARC.L,S,51787,177.7,,,
new,2020.01.15D07:59:50.226605946,LO_oid587878,BARC.L,B,98220,196,,,
new,2020.01.15D07:59:50.226605946,LO_oid587879,BARC.L,S,49099,177.7,,,
new,2020.01.15D07:59:50.342579087,LO_oid587886,BARC.L,B,98683,196,,,
new,2020.01.15D07:59:50.342579087,LO_oid587887,BARC.L,S,49099,177.7,,,
new,2020.01.15D07:59:53.362723800,LO_oid587907,BARC.L,B,98683,196,,,
new,2020.01.15D07:59:53.362723800,LO_oid587908,BARC.L,S,49220,177.7,,,
new,2020.01.15D07:59:55.074884995,LO_oid587925,BARC.L,B,98965,196,,,
new,2020.01.15D07:59:55.074884995,LO_oid587926,BARC.L,S,49220,177.7,,,
new,2020.01.15D07:59:55.502797434,LO_oid587937,BARC.L,B,98965,196,,,
new,2020.01.15D07:59:55.502797434,LO_oid587938,BARC.L,S,59100,177.7,,,
new,2020.01.15D07:59:57.625868543,LO_oid587995,BARC.L,B,98965,196,,,
new,2020.01.15D07:59:57.625868543,LO_oid587996,BARC.L,S,63623,175.42,,,
new,2020.01.15D07:59:58.222459521,LO_oid588019,BARC.L,B,98965,196,,,
new,2020.01.15D07:59:58.222459521,LO_oid588020,BARC.L,S,64739,175.42,,,
new,2020.01.15D07:59:58.801933423,LO_oid588077,BARC.L,B,99118,196,,,
new,2020.01.15D07:59:58.801933423,LO_oid588078,BARC.L,S,64739,175.42,,,
new,2020.01.15D07:59:59.053901218,LO_oid588101,BARC.L,B,99118,196,,,
new,2020.01.15D07:59:59.053901218,LO_oid588102,BARC.L,S,65363,175.42,,,
new,2020.01.15D07:59:59.077953461,LO_oid588123,BARC.L,B,99118,196,,,
new,2020.01.15D07:59:59.077953461,LO_oid588124,BARC.L,S,64247,175.42,,,
new,2020.01.15D07:59:59.365947668,LO_oid588204,BARC.L,B,99118,196,,,
new,2020.01.15D07:59:59.365947668,LO_oid588205,BARC.L,S,64337,175.42,,,
new,2020.01.15D07:50:00.077472843,LO_oid582672,LLOY.L,B,17950,58,,,
new,2020.01.15D07:50:00.077472843,LO_oid582673,LLOY.L,S,5000,59.5,,,
new,2020.01.15D07:50:00.257464479,LO_oid582711,LLOY.L,B,47950,58,,,
new,2020.01.15D07:50:00.257464479,LO_oid582712,LLOY.L,S,5000,59.5,,,
new,2020.01.15D07:50:00.457470269,LO_oid582713,LLOY.L,B,47950,58,,,
new,2020.01.15D07:50:00.457470269,LO_oid582714,LLOY.L,S,121441,59.5,,,
new,2020.01.15D07:50:01.141215952,LO_oid582735,LLOY.L,B,75950,58,,,
new,2020.01.15D07:50:01.141215952,LO_oid582736,LLOY.L,S,121441,59.5,,,
new,2020.01.15D07:50:01.217520481,LO_oid582746,LLOY.L,B,75950,58,,,
new,2020.01.15D07:50:01.217520481,LO_oid582747,LLOY.L,S,124997,52.88,,,
new,2020.01.15D07:50:02.105267651,LO_oid582808,LLOY.L,B,96598,58,,,
new,2020.01.15D07:50:02.105267651,LO_oid582809,LLOY.L,S,124997,52.88,,,
new,2020.01.15D07:50:02.105578011,LO_oid582810,LLOY.L,B,96598,58,,,
new,2020.01.15D07:50:02.105578011,LO_oid582811,LLOY.L,S,125894,52.88,,,
new,2020.01.15D07:50:02.533612754,LO_oid582836,LLOY.L,B,52148,58.5,,,
new,2020.01.15D07:50:02.533612754,LO_oid582837,LLOY.L,S,125894,52.88,,,
new,2020.01.15D07:50:02.589290488,LO_oid582840,LLOY.L,B,51648,58.76,,,
new,2020.01.15D07:50:02.589290488,LO_oid582841,LLOY.L,S,125894,52.88,,,
new,2020.01.15D07:50:04.501388706,LO_oid582869,LLOY.L,B,51648,58.76,,,
new,2020.01.15D07:50:04.501388706,LO_oid582870,LLOY.L,S,9453,52.88,,,
new,2020.01.15D07:50:05.013389347,LO_oid582873,LLOY.L,B,51648,58.76,,,
new,2020.01.15D07:50:05.013389347,LO_oid582874,LLOY.L,S,21054,52.88,,,
new,2020.01.15D07:50:05.097401188,LO_oid582885,LLOY.L,B,65335,58.76,,,
new,2020.01.15D07:50:05.097401188,LO_oid582886,LLOY.L,S,21054,52.88,,,
new,2020.01.15D07:50:10.370124763,LO_oid582940,LLOY.L,B,63835,59,,,
new,2020.01.15D07:50:10.370124763,LO_oid582941,LLOY.L,S,21054,52.88,,,
new,2020.01.15D07:50:10.446130484,LO_oid582952,LLOY.L,B,63835,59,,,
new,2020.01.15D07:50:10.446130484,LO_oid582953,LLOY.L,S,79082,52.88,,,
new,2020.01.15D07:50:14.097846142,LO_oid583049,LLOY.L,B,63835,59,,,
new,2020.01.15D07:50:14.097846142,LO_oid583050,LLOY.L,S,85922,52.88,,,
new,2020.01.15D07:50:14.213892498,LO_oid583058,LLOY.L,B,63835,59,,,
new,2020.01.15D07:50:14.213892498,LO_oid583059,LLOY.L,S,96857,52.88,,,
new,2020.01.15D07:50:14.445807580,LO_oid583068,LLOY.L,B,72667,62.27,,,
new,2020.01.15D07:50:14.445807580,LO_oid583069,LLOY.L,S,96857,52.88,,,
new,2020.01.15D07:50:16.021078536,LO_oid583084,LLOY.L,B,72667,62.27,,,
new,2020.01.15D07:50:16.021078536,LO_oid583085,LLOY.L,S,129606,52.88,,,
new,2020.01.15D07:50:16.592955719,LO_oid583092,LLOY.L,B,72667,62.27,,,
new,2020.01.15D07:50:16.592955719,LO_oid583093,LLOY.L,S,149081,52.88,,,
new,2020.01.15D07:50:18.253697456,LO_oid583108,LLOY.L,B,181767,62.27,,,
new,2020.01.15D07:50:18.253697456,LO_oid583109,LLOY.L,S,149081,52.88,,,
new,2020.01.15D07:50:18.457065077,LO_oid583127,LLOY.L,B,286021,62.27,,,
new,2020.01.15D07:50:18.457065077,LO_oid583128,LLOY.L,S,149081,52.88,,,
new,2020.01.15D07:50:19.177055405,LO_oid583135,LLOY.L,B,401498,62.27,,,
new,2020.01.15D07:50:19.177055405,LO_oid583136,LLOY.L,S,149081,52.88,,,
new,2020.01.15D07:50:19.733176714,LO_oid583143,LLOY.L,B,401498,62.27,,,
new,2020.01.15D07:50:19.733176714,LO_oid583144,LLOY.L,S,163812,52.88,,,
new,2020.01.15D07:50:26.877431360,LO_oid583206,LLOY.L,B,628323,62.27,,,
new,2020.01.15D07:50:26.877431360,LO_oid583207,LLOY.L,S,163812,52.88,,,
new,2020.01.15D07:50:29.377569916,LO_oid583226,LLOY.L,B,628323,62.27,,,
new,2020.01.15D07:50:29.377569916,LO_oid583227,LLOY.L,S,194262,52.88,,,
new,2020.01.15D07:50:30.430505243,LO_oid583254,LLOY.L,B,629323,62.27,,,
new,2020.01.15D07:50:30.430505243,LO_oid583255,LLOY.L,S,194262,52.88,,,
new,2020.01.15D07:50:30.449691427,LO_oid583256,LLOY.L,B,649572,62.27,,,
new,2020.01.15D07:50:30.449691427,LO_oid583257,LLOY.L,S,194262,52.88,,,
new,2020.01.15D07:50:40.437206347,LO_oid583314,LLOY.L,B,649572,62.27,,,
new,2020.01.15D07:50:40.437206347,LO_oid583315,LLOY.L,S,198784,52.88,,,
new,2020.01.15D07:50:40.438124261,LO_oid583316,LLOY.L,B,652484,62.27,,,
new,2020.01.15D07:50:40.438124261,LO_oid583317,LLOY.L,S,198784,52.88,,,
new,2020.01.15D07:50:57.600938788,LO_oid583422,LLOY.L,B,666808,64.13,,,
new,2020.01.15D07:50:57.600938788,LO_oid583423,LLOY.L,S,198784,52.88,,,
new,2020.01.15D07:51:00.057286262,LO_oid583442,LLOY.L,B,666808,64.13,,,
new,2020.01.15D07:51:00.057286262,LO_oid583443,LLOY.L,S,200503,52.88,,,
new,2020.01.15D07:51:00.057428615,LO_oid583444,LLOY.L,B,845808,64.13,,,
new,2020.01.15D07:51:00.057428615,LO_oid583445,LLOY.L,S,200503,52.88,,,
new,2020.01.15D07:51:20.641233174,LO_oid583601,LLOY.L,B,914487,64.13,,,
new,2020.01.15D07:51:20.641233174,LO_oid583602,LLOY.L,S,200503,52.88,,,
new,2020.01.15D07:51:43.004370071,LO_oid583712,LLOY.L,B,914487,64.13,,,
new,2020.01.15D07:51:43.004370071,LO_oid583713,LLOY.L,S,250705,52.88,,,
new,2020.01.15D07:51:44.520395353,LO_oid583748,LLOY.L,B,914487,64.13,,,
new,2020.01.15D07:51:44.520395353,LO_oid583749,LLOY.L,S,200503,52.88,,,
new,2020.01.15D07:52:00.420479872,LO_oid583854,LLOY.L,B,914487,64.13,,,
new,2020.01.15D07:52:00.420479872,LO_oid583855,LLOY.L,S,205669,52.88,,,
new,2020.01.15D07:52:00.452245675,LO_oid583858,LLOY.L,B,934736,64.13,,,
new,2020.01.15D07:52:00.452245675,LO_oid583859,LLOY.L,S,205669,52.88,,,
new,2020.01.15D07:52:04.448412476,LO_oid583870,LLOY.L,B,945068,64.13,,,
new,2020.01.15D07:52:04.448412476,LO_oid583871,LLOY.L,S,205669,52.88,,,
new,2020.01.15D07:52:19.752198265,LO_oid583977,LLOY.L,B,945068,64.13,,,
new,2020.01.15D07:52:19.752198265,LO_oid583978,LLOY.L,S,225669,52.88,,,
new,2020.01.15D07:52:30.600672694,LO_oid584074,LLOY.L,B,945068,64.13,,,
new,2020.01.15D07:52:30.600672694,LO_oid584075,LLOY.L,S,227046,52.88,,,
new,2020.01.15D07:54:15.051985401,LO_oid584725,LLOY.L,B,945068,65.4,,,
new,2020.01.15D07:54:15.051985401,LO_oid584726,LLOY.L,S,227046,52.88,,,
new,2020.01.15D07:54:20.647786052,LO_oid584744,LLOY.L,B,929575,65.4,,,
new,2020.01.15D07:54:20.647786052,LO_oid584745,LLOY.L,S,227046,52.88,,,
new,2020.01.15D07:54:59.735178412,LO_oid584995,LLOY.L,B,929575,65.4,,,
new,2020.01.15D07:54:59.735178412,LO_oid584996,LLOY.L,S,284517,52.88,,,
new,2020.01.15D07:55:01.115425722,LO_oid585043,LLOY.L,B,929575,65.4,,,
new,2020.01.15D07:55:01.115425722,LO_oid585044,LLOY.L,S,284672,52.88,,,
new,2020.01.15D07:55:01.135303636,LO_oid585045,LLOY.L,B,929575,65.4,,,
new,2020.01.15D07:55:01.135303636,LO_oid585046,LLOY.L,S,284708,52.88,,,
new,2020.01.15D07:55:01.155316078,LO_oid585047,LLOY.L,B,929575,65.4,,,
new,2020.01.15D07:55:01.155316078,LO_oid585048,LLOY.L,S,285065,52.88,,,
new,2020.01.15D07:55:20.647285840,LO_oid585223,LLOY.L,B,941294,65.4,,,
new,2020.01.15D07:55:20.647285840,LO_oid585224,LLOY.L,S,285065,52.88,,,
new,2020.01.15D07:55:30.190755109,LO_oid585272,LLOY.L,B,941294,65.4,,,
new,2020.01.15D07:55:30.190755109,LO_oid585273,LLOY.L,S,285151,52.88,,,
new,2020.01.15D07:55:33.046890382,LO_oid585342,LLOY.L,B,941294,65.4,,,
new,2020.01.15D07:55:33.046890382,LO_oid585343,LLOY.L,S,348142,52.88,,,
new,2020.01.15D07:55:37.047097312,LO_oid585358,LLOY.L,B,941294,65.4,,,
new,2020.01.15D07:55:37.047097312,LO_oid585359,LLOY.L,S,348331,52.88,,,
new,2020.01.15D07:55:40.560042675,LO_oid585390,LLOY.L,B,956294,65.4,,,
new,2020.01.15D07:55:40.560042675,LO_oid585391,LLOY.L,S,348331,52.88,,,
new,2020.01.15D07:55:42.575367519,LO_oid585416,LLOY.L,B,956294,65.4,,,
new,2020.01.15D07:55:42.575367519,LO_oid585417,LLOY.L,S,349603,52.88,,,
new,2020.01.15D07:56:55.056022861,LO_oid586083,LLOY.L,B,1229934,62.27,,,
new,2020.01.15D07:56:55.056022861,LO_oid586084,LLOY.L,S,349603,52.88,,,
new,2020.01.15D07:57:00.546435297,LO_oid586187,LLOY.L,B,1236088,62.27,,,
new,2020.01.15D07:57:00.546435297,LO_oid586188,LLOY.L,S,349603,52.88,,,
new,2020.01.15D07:57:01.078425347,LO_oid586215,LLOY.L,B,1236104,62.27,,,
new,2020.01.15D07:57:01.078425347,LO_oid586216,LLOY.L,S,349603,52.88,,,
new,2020.01.15D07:57:29.102770822,LO_oid586520,LLOY.L,B,1236099,62.27,,,
new,2020.01.15D07:57:29.102770822,LO_oid586521,LLOY.L,S,349603,52.88,,,
new,2020.01.15D07:57:32.045914174,LO_oid586542,LLOY.L,B,1236099,62.27,,,
new,2020.01.15D07:57:32.045914174,LO_oid586543,LLOY.L,S,286612,52.88,,,
new,2020.01.15D07:57:32.049874486,LO_oid586544,LLOY.L,B,1236099,62.27,,,
new,2020.01.15D07:57:32.049874486,LO_oid586545,LLOY.L,S,350662,52.88,,,
new,2020.01.15D07:58:20.654362141,LO_oid586959,LLOY.L,B,1224380,62.27,,,
new,2020.01.15D07:58:20.654362141,LO_oid586960,LLOY.L,S,350662,52.88,,,
new,2020.01.15D07:58:20.654667670,LO_oid586961,LLOY.L,B,1222331,62.27,,,
new,2020.01.15D07:58:20.654667670,LO_oid586962,LLOY.L,S,350662,52.88,,,
new,2020.01.15D07:59:03.805595903,LO_oid587284,LLOY.L,B,1222331,62.27,,,
new,2020.01.15D07:59:03.805595903,LO_oid587285,LLOY.L,S,370662,52.88,,,
new,2020.01.15D07:59:06.085654627,LO_oid587296,LLOY.L,B,1222331,62.27,,,
new,2020.01.15D07:59:06.085654627,LO_oid587297,LLOY.L,S,390662,52.88,,,
new,2020.01.15D07:59:12.158089995,LO_oid587383,LLOY.L,B,1222331,62.27,,,
new,2020.01.15D07:59:12.158089995,LO_oid587384,LLOY.L,S,410662,52.88,,,
new,2020.01.15D07:59:29.997786125,LO_oid587564,LLOY.L,B,1222331,62.27,,,
new,2020.01.15D07:59:29.997786125,LO_oid587565,LLOY.L,S,430662,52.88,,,
new,2020.01.15D07:59:30.657857852,LO_oid587594,LLOY.L,B,1255364,62.27,,,
new,2020.01.15D07:59:30.657857852,LO_oid587595,LLOY.L,S,430662,52.88,,,
new,2020.01.15D07:59:31.922445085,LO_oid587612,LLOY.L,B,1256280,62.27,,,
new,2020.01.15D07:59:31.922445085,LO_oid587613,LLOY.L,S,430662,52.88,,,
new,2020.01.15D07:59:32.834507360,LO_oid587639,LLOY.L,B,1257002,62.27,,,
new,2020.01.15D07:59:32.834507360,LO_oid587640,LLOY.L,S,430662,52.88,,,
new,2020.01.15D07:59:48.222481569,LO_oid587811,LLOY.L,B,1257002,62.27,,,
new,2020.01.15D07:59:48.222481569,LO_oid587812,LLOY.L,S,366612,52.88,,,
new,2020.01.15D07:59:48.226478889,LO_oid587813,LLOY.L,B,1257002,62.27,,,
new,2020.01.15D07:59:48.226478889,LO_oid587814,LLOY.L,S,431715,52.88,,,
new,2020.01.15D07:59:50.141828319,LO_oid587868,LLOY.L,B,1259720,62.27,,,
new,2020.01.15D07:59:50.141828319,LO_oid587869,LLOY.L,S,431715,52.88,,,
new,2020.01.15D07:59:50.190613598,LO_oid587872,LLOY.L,B,1259721,62.27,,,
new,2020.01.15D07:59:50.190613598,LO_oid587873,LLOY.L,S,431715,52.88,,,
new,2020.01.15D07:59:56.054051013,LO_oid587961,LLOY.L,B,1259721,62.27,,,
new,2020.01.15D07:59:56.054051013,LO_oid587962,LLOY.L,S,431851,52.88,,,
new,2020.01.15D07:59:56.097822841,LO_oid587967,LLOY.L,B,1259721,62.27,,,
new,2020.01.15D07:59:56.097822841,LO_oid587968,LLOY.L,S,562057,52.88,,,
new,2020.01.15D07:59:57.350133874,LO_oid587989,LLOY.L,B,1259722,62.27,,,
new,2020.01.15D07:59:57.350133874,LO_oid587990,LLOY.L,S,562057,52.88,,,
new,2020.01.15D07:59:58.274206798,LO_oid588023,LLOY.L,B,1262887,62.27,,,
new,2020.01.15D07:59:58.274206798,LO_oid588024,LLOY.L,S,562057,52.88,,,
new,2020.01.15D07:59:59.062250972,LO_oid588107,LLOY.L,B,1262887,62.27,,,
new,2020.01.15D07:59:59.062250972,LO_oid588108,LLOY.L,S,589834,52.88,,,
new,2020.01.15D07:59:59.070246853,LO_oid588111,LLOY.L,B,1262887,62.27,,,
new,2020.01.15D07:59:59.070246853,LO_oid588112,LLOY.L,S,562057,52.88,,,
new,2020.01.15D07:59:59.106259313,LO_oid588139,LLOY.L,B,1262887,62.27,,,
new,2020.01.15D07:59:59.106259313,LO_oid588140,LLOY.L,S,575200,52.88,,,
new,2020.01.15D07:59:59.222249805,LO_oid588185,LLOY.L,B,1265766,62.27,,,
new,2020.01.15D07:59:59.222249805,LO_oid588186,LLOY.L,S,575200,52.88,,,
new,2020.01.15D07:50:00.077339891,LO_oid582670,VOD.L,B,500,155,,,
new,2020.01.15D07:50:00.077339891,LO_oid582671,VOD.L,S,300,159,,,
new,2020.01.15D07:50:00.081859821,LO_oid582678,VOD.L,B,500,155,,,
new,2020.01.15D07:50:00.081859821,LO_oid582679,VOD.L,S,150000,156.58,,,
new,2020.01.15D07:50:00.089859405,LO_oid582686,VOD.L,B,500,155,,,
new,2020.01.15D07:50:00.089859405,LO_oid582687,VOD.L,B,17,156.54,,,
new,2020.01.15D07:50:00.089859405,LO_oid582688,VOD.L,S,276884,156.58,,,
new,2020.01.15D07:50:01.205258703,LO_oid582742,VOD.L,B,5000,157,,,
new,2020.01.15D07:50:01.205258703,LO_oid582743,VOD.L,S,276884,156.58,,,
new,2020.01.15D07:50:01.573979321,LO_oid582762,VOD.L,B,5220,157,,,
new,2020.01.15D07:50:01.573979321,LO_oid582763,VOD.L,S,276884,156.58,,,
new,2020.01.15D07:50:02.077172671,LO_oid582778,VOD.L,B,5220,157,,,
new,2020.01.15D07:50:02.077172671,LO_oid582779,VOD.L,S,128341,156.54,,,
new,2020.01.15D07:50:02.078005137,LO_oid582780,VOD.L,B,5220,157,,,
new,2020.01.15D07:50:02.078005137,LO_oid582781,VOD.L,S,132541,156.54,,,
new,2020.01.15D07:50:02.097996107,LO_oid582800,VOD.L,B,11005,157,,,
new,2020.01.15D07:50:02.097996107,LO_oid582801,VOD.L,S,132541,156.54,,,
new,2020.01.15D07:50:02.101995956,LO_oid582806,VOD.L,B,11005,157,,,
new,2020.01.15D07:50:02.101995956,LO_oid582807,VOD.L,S,133147,156.54,,,
new,2020.01.15D07:50:02.585256095,LO_oid582838,VOD.L,B,11025,157,,,
new,2020.01.15D07:50:02.585256095,LO_oid582839,VOD.L,S,133147,156.54,,,
new,2020.01.15D07:50:02.609280826,LO_oid582842,VOD.L,B,5955,160,,,
new,2020.01.15D07:50:02.609280826,LO_oid582843,VOD.L,S,133147,156.54,,,
new,2020.01.15D07:50:05.097413372,LO_oid582887,VOD.L,B,5955,160,,,
new,2020.01.15D07:50:05.097413372,LO_oid582888,VOD.L,S,134107,156.54,,,
new,2020.01.15D07:50:07.949510623,LO_oid582907,VOD.L,B,5955,160,,,
new,2020.01.15D07:50:07.949510623,LO_oid582908,VOD.L,S,144267,156.54,,,
new,2020.01.15D07:50:10.390596047,LO_oid582948,VOD.L,B,5955,160,,,
new,2020.01.15D07:50:10.390596047,LO_oid582949,VOD.L,S,174963,144,,,
new,2020.01.15D07:50:10.477729462,LO_oid582954,VOD.L,B,5955,160,,,
new,2020.01.15D07:50:10.477729462,LO_oid582955,VOD.L,S,178283,144,,,
new,2020.01.15D07:50:10.589639194,LO_oid582964,VOD.L,B,5955,160,,,
new,2020.01.15D07:50:10.589639194,LO_oid582965,VOD.L,S,214636,144,,,
new,2020.01.15D07:50:14.073844115,LO_oid583045,VOD.L,B,5955,160,,,
new,2020.01.15D07:50:14.073844115,LO_oid583046,VOD.L,S,219071,144,,,
new,2020.01.15D07:50:15.388980714,LO_oid583074,VOD.L,B,5955,160,,,
new,2020.01.15D07:50:15.388980714,LO_oid583075,VOD.L,S,227252,144,,,
new,2020.01.15D07:50:25.533440532,LO_oid583190,VOD.L,B,5955,160,,,
new,2020.01.15D07:50:25.533440532,LO_oid583191,VOD.L,S,239237,144,,,
new,2020.01.15D07:50:38.601573729,LO_oid583300,VOD.L,B,6937,160,,,
new,2020.01.15D07:50:38.601573729,LO_oid583301,VOD.L,S,239237,144,,,
new,2020.01.15D07:50:55.128913201,LO_oid583402,VOD.L,B,6937,160,,,
new,2020.01.15D07:50:55.128913201,LO_oid583403,VOD.L,S,166953,140.76,,,
new,2020.01.15D07:51:00.058171912,LO_oid583446,VOD.L,B,6937,160,,,
new,2020.01.15D07:51:00.058171912,LO_oid583447,VOD.L,S,166982,140.76,,,
new,2020.01.15D07:51:00.346177792,LO_oid583483,VOD.L,B,9061,165.92,,,
new,2020.01.15D07:51:00.346177792,LO_oid583484,VOD.L,S,166982,140.76,,,
new,2020.01.15D07:51:43.004361543,LO_oid583710,VOD.L,B,9061,165.92,,,
new,2020.01.15D07:51:43.004361543,LO_oid583711,VOD.L,S,186256,140.76,,,
new,2020.01.15D07:51:44.520397705,LO_oid583750,VOD.L,B,9061,165.92,,,
new,2020.01.15D07:51:44.520397705,LO_oid583751,VOD.L,S,166982,140.76,,,
new,2020.01.15D07:52:00.024455860,LO_oid583832,VOD.L,B,15673,165.92,,,
new,2020.01.15D07:52:00.024455860,LO_oid583833,VOD.L,S,166982,140.76,,,
new,2020.01.15D07:52:00.276489216,LO_oid583844,VOD.L,B,15673,165.92,,,
new,2020.01.15D07:52:00.276489216,LO_oid583845,VOD.L,S,168482,140.76,,,
new,2020.01.15D07:52:00.280223472,LO_oid583846,VOD.L,B,15673,165.92,,,
new,2020.01.15D07:52:00.280223472,LO_oid583847,VOD.L,S,169482,140.76,,,
new,2020.01.15D07:53:58.128123521,LO_oid584597,VOD.L,B,15673,165.92,,,
new,2020.01.15D07:53:58.128123521,LO_oid584598,VOD.L,S,176469,140.76,,,
new,2020.01.15D07:54:03.292258913,LO_oid584648,VOD.L,B,22660,165.92,,,
new,2020.01.15D07:54:03.292258913,LO_oid584649,VOD.L,S,176469,140.76,,,
new,2020.01.15D07:54:15.052135697,LO_oid584727,VOD.L,B,22660,165.92,,,
new,2020.01.15D07:54:15.052135697,LO_oid584728,VOD.L,S,248753,144,,,
new,2020.01.15D07:55:00.167340747,LO_oid585017,VOD.L,B,23566,165.92,,,
new,2020.01.15D07:55:00.167340747,LO_oid585018,VOD.L,S,248753,144,,,
new,2020.01.15D07:55:30.175530509,LO_oid585268,VOD.L,B,23933,165.92,,,
new,2020.01.15D07:55:30.175530509,LO_oid585269,VOD.L,S,248753,144,,,
new,2020.01.15D07:55:30.183535142,LO_oid585270,VOD.L,B,27975,165.92,,,
new,2020.01.15D07:55:30.183535142,LO_oid585271,VOD.L,S,248753,144,,,
new,2020.01.15D07:55:30.907589678,LO_oid585304,VOD.L,B,28060,165.92,,,
new,2020.01.15D07:55:30.907589678,LO_oid585305,VOD.L,S,248753,144,,,
new,2020.01.15D07:55:32.618890983,LO_oid585340,VOD.L,B,28060,165.92,,,
new,2020.01.15D07:55:32.618890983,LO_oid585341,VOD.L,S,251314,144,,,
new,2020.01.15D07:55:39.051191876,LO_oid585380,VOD.L,B,28060,165.92,,,
new,2020.01.15D07:55:39.051191876,LO_oid585381,VOD.L,S,251390,144,,,
new,2020.01.15D07:56:39.111208651,LO_oid585993,VOD.L,B,28033,165.92,,,
new,2020.01.15D07:56:39.111208651,LO_oid585994,VOD.L,S,251390,144,,,
new,2020.01.15D07:57:01.286366194,LO_oid586242,VOD.L,B,28033,165.92,,,
new,2020.01.15D07:57:01.286366194,LO_oid586243,VOD.L,S,263893,144,,,
new,2020.01.15D07:57:45.427235914,LO_oid586676,VOD.L,B,55450,165.92,,,
new,2020.01.15D07:57:45.427235914,LO_oid586677,VOD.L,S,263893,144,,,
new,2020.01.15D07:58:57.326165695,LO_oid587247,VOD.L,B,56561,165.92,,,
new,2020.01.15D07:58:57.326165695,LO_oid587248,VOD.L,S,263893,144,,,
new,2020.01.15D07:58:57.342162473,LO_oid587249,VOD.L,B,56566,165.92,,,
new,2020.01.15D07:58:57.342162473,LO_oid587250,VOD.L,S,263893,144,,,
new,2020.01.15D07:59:08.737697186,LO_oid587336,VOD.L,B,56788,165.92,,,
new,2020.01.15D07:59:08.737697186,LO_oid587337,VOD.L,S,263893,144,,,
new,2020.01.15D07:59:25.745584060,LO_oid587452,VOD.L,B,56788,165.92,,,
new,2020.01.15D07:59:25.745584060,LO_oid587453,VOD.L,S,267848,144,,,
new,2020.01.15D07:59:25.774431048,LO_oid587454,VOD.L,B,57183,165.92,,,
new,2020.01.15D07:59:25.774431048,LO_oid587455,VOD.L,S,267848,144,,,
new,2020.01.15D07:59:26.350481366,LO_oid587464,VOD.L,B,58450,165.92,,,
new,2020.01.15D07:59:26.350481366,LO_oid587465,VOD.L,S,267848,144,,,
new,2020.01.15D07:59:28.230608160,LO_oid587498,VOD.L,B,124833,165.92,,,
new,2020.01.15D07:59:28.230608160,LO_oid587499,VOD.L,S,267848,144,,,
new,2020.01.15D07:59:32.445935989,LO_oid587635,VOD.L,B,124895,165.92,,,
new,2020.01.15D07:59:32.445935989,LO_oid587636,VOD.L,S,267848,144,,,
new,2020.01.15D07:59:46.057889447,LO_oid587771,VOD.L,B,124895,165.92,,,
new,2020.01.15D07:59:46.057889447,LO_oid587772,VOD.L,S,231495,144,,,
new,2020.01.15D07:59:46.061889927,LO_oid587775,VOD.L,B,124895,165.92,,,
new,2020.01.15D07:59:46.061889927,LO_oid587776,VOD.L,S,263554,144,,,
new,2020.01.15D07:59:46.061889927,LO_oid587777,VOD.L,S,227201,144,,,
new,2020.01.15D07:59:46.061889927,LO_oid587778,VOD.L,S,259260,144,,,
new,2020.01.15D07:59:46.121668141,LO_oid587787,VOD.L,B,121260,165.92,,,
new,2020.01.15D07:59:46.121668141,LO_oid587788,VOD.L,S,259260,144,,,
new,2020.01.15D07:59:46.125896598,LO_oid587789,VOD.L,B,121253,165.92,,,
new,2020.01.15D07:59:46.125896598,LO_oid587790,VOD.L,S,259260,144,,,
new,2020.01.15D07:59:47.854017000,LO_oid587803,VOD.L,B,124030,165.92,,,
new,2020.01.15D07:59:47.854017000,LO_oid587804,VOD.L,S,259260,144,,,
new,2020.01.15D07:59:50.085843441,LO_oid587836,VOD.L,B,124385,165.92,,,
new,2020.01.15D07:59:50.085843441,LO_oid587837,VOD.L,S,259260,144,,,
new,2020.01.15D07:59:50.138183968,LO_oid587866,VOD.L,B,112122,165.92,,,
new,2020.01.15D07:59:50.138183968,LO_oid587867,VOD.L,S,259260,144,,,
new,2020.01.15D07:59:53.225369751,LO_oid587905,VOD.L,B,115188,165.92,,,
new,2020.01.15D07:59:53.225369751,LO_oid587906,VOD.L,S,259260,144,,,
new,2020.01.15D07:59:55.657543440,LO_oid587945,VOD.L,B,132342,165.92,,,
new,2020.01.15D07:59:55.657543440,LO_oid587946,VOD.L,S,259260,144,,,
new,2020.01.15D07:59:58.457749145,LO_oid588039,VOD.L,B,132349,165.92,,,
new,2020.01.15D07:59:58.457749145,LO_oid588040,VOD.L,S,259260,144,,,
new,2020.01.16D07:50:00.068594360,LO_oid599165,BARC.L,B,1000,177,,,
new,2020.01.16D07:50:00.068594360,LO_oid599166,BARC.L,S,2800,186.4,,,
new,2020.01.16D07:50:00.089630069,LO_oid599201,BARC.L,B,1000,177,,,
new,2020.01.16D07:50:00.089630069,LO_oid599202,BARC.L,S,5488,178.5,,,
new,2020.01.16D07:50:00.300480652,LO_oid599232,BARC.L,B,4700,177,,,
new,2020.01.16D07:50:00.300480652,LO_oid599233,BARC.L,S,5488,178.5,,,
new,2020.01.16D07:50:01.008708745,LO_oid599240,BARC.L,B,4700,177,,,
new,2020.01.16D07:50:01.008708745,LO_oid599241,BARC.L,S,12488,178.5,,,
new,2020.01.16D07:50:01.524743479,LO_oid599278,BARC.L,B,183700,178,,,
new,2020.01.16D07:50:01.524743479,LO_oid599279,BARC.L,S,12488,178.5,,,
new,2020.01.16D07:50:01.632632684,LO_oid599286,BARC.L,B,185151,178,,,
new,2020.01.16D07:50:01.632632684,LO_oid599287,BARC.L,S,12488,178.5,,,
new,2020.01.16D07:50:01.852774358,LO_oid599294,BARC.L,B,185301,178,,,
new,2020.01.16D07:50:01.852774358,LO_oid599295,BARC.L,S,12488,178.5,,,
new,2020.01.16D07:50:01.856781286,LO_oid599296,BARC.L,B,185301,178,,,
new,2020.01.16D07:50:01.856781286,LO_oid599297,BARC.L,S,12509,178.5,,,
new,2020.01.16D07:50:07.023762876,LO_oid599435,BARC.L,B,185301,178,,,
new,2020.01.16D07:50:07.023762876,LO_oid599436,BARC.L,S,65274,178.5,,,
new,2020.01.16D07:50:08.108188536,LO_oid599451,BARC.L,B,185301,178,,,
new,2020.01.16D07:50:08.108188536,LO_oid599452,BARC.L,S,65361,178.5,,,
new,2020.01.16D07:50:10.251915562,LO_oid599486,BARC.L,B,185301,178,,,
new,2020.01.16D07:50:10.251915562,LO_oid599487,BARC.L,S,67992,167.8,,,
new,2020.01.16D07:50:19.396989202,LO_oid599571,BARC.L,B,185362,178,,,
new,2020.01.16D07:50:19.396989202,LO_oid599572,BARC.L,S,67992,167.8,,,
new,2020.01.16D07:50:30.191762213,LO_oid599737,BARC.L,B,8012,180,,,
new,2020.01.16D07:50:30.191762213,LO_oid599738,BARC.L,S,67992,167.8,,,
new,2020.01.16D07:50:30.227783449,LO_oid599739,BARC.L,B,8016,180,,,
new,2020.01.16D07:50:30.227783449,LO_oid599740,BARC.L,S,67992,167.8,,,
new,2020.01.16D07:50:30.251756356,LO_oid599743,BARC.L,B,8016,180,,,
new,2020.01.16D07:50:30.251756356,LO_oid599744,BARC.L,S,100587,167.8,,,
new,2020.01.16D07:50:41.479013609,LO_oid599853,BARC.L,B,8016,180,,,
new,2020.01.16D07:50:41.479013609,LO_oid599854,BARC.L,S,101267,167.8,,,
new,2020.01.16D07:50:55.744607404,LO_oid599984,BARC.L,B,20406,183.34,,,
new,2020.01.16D07:50:55.744607404,LO_oid599985,BARC.L,S,101267,167.8,,,
new,2020.01.16D07:54:15.078959448,LO_oid602259,BARC.L,B,23444,183.34,,,
new,2020.01.16D07:54:15.078959448,LO_oid602260,BARC.L,S,101267,167.8,,,
new,2020.01.16D07:55:27.181625644,LO_oid603050,BARC.L,B,23444,183.34,,,
new,2020.01.16D07:55:27.181625644,LO_oid603051,BARC.L,S,116705,167.8,,,
new,2020.01.16D07:55:47.213435901,LO_oid603388,BARC.L,B,23444,183.34,,,
new,2020.01.16D07:55:47.213435901,LO_oid603389,BARC.L,S,85522,167.8,,,
new,2020.01.16D07:55:47.305419080,LO_oid603390,BARC.L,B,23443,183.34,,,
new,2020.01.16D07:55:47.305419080,LO_oid603391,BARC.L,S,85522,167.8,,,
new,2020.01.16D07:55:47.309521449,LO_oid603392,BARC.L,B,23422,183.34,,,
new,2020.01.16D07:55:47.309521449,LO_oid603393,BARC.L,S,85522,167.8,,,
new,2020.01.16D07:56:15.280464235,LO_oid604102,BARC.L,B,23413,183.34,,,
new,2020.01.16D07:56:15.280464235,LO_oid604103,BARC.L,S,85522,167.8,,,
new,2020.01.16D07:56:16.672511243,LO_oid604119,BARC.L,B,23412,183.34,,,
new,2020.01.16D07:56:16.672511243,LO_oid604120,BARC.L,S,85522,167.8,,,
new,2020.01.16D07:56:41.488426879,LO_oid604428,BARC.L,B,23412,183.34,,,
new,2020.01.16D07:56:41.488426879,LO_oid604429,BARC.L,S,79203,167.8,,,
new,2020.01.16D07:56:41.524441411,LO_oid604430,BARC.L,B,23412,183.34,,,
new,2020.01.16D07:56:41.524441411,LO_oid604431,BARC.L,S,77623,167.8,,,
new,2020.01.16D07:56:41.692467816,LO_oid604434,BARC.L,B,23410,183.34,,,
new,2020.01.16D07:56:41.692467816,LO_oid604435,BARC.L,S,77623,167.8,,,
new,2020.01.16D07:56:55.079957357,LO_oid604587,BARC.L,B,20183,183.34,,,
new,2020.01.16D07:56:55.079957357,LO_oid604588,BARC.L,S,77623,167.8,,,
new,2020.01.16D07:57:15.056516421,LO_oid604748,BARC.L,B,19825,183.34,,,
new,2020.01.16D07:57:15.056516421,LO_oid604749,BARC.L,S,77623,167.8,,,
new,2020.01.16D07:58:55.689480302,LO_oid605658,BARC.L,B,19825,183.34,,,
new,2020.01.16D07:58:55.689480302,LO_oid605659,BARC.L,S,78606,167.8,,,
new,2020.01.16D07:59:08.772911158,LO_oid605830,BARC.L,B,19825,183.34,,,
new,2020.01.16D07:59:08.772911158,LO_oid605831,BARC.L,S,86825,167.8,,,
new,2020.01.16D07:59:08.804873082,LO_oid605832,BARC.L,B,19825,183.34,,,
new,2020.01.16D07:59:08.804873082,LO_oid605833,BARC.L,S,88410,167.8,,,
new,2020.01.16D07:59:09.441656823,LO_oid605842,BARC.L,B,19827,183.34,,,
new,2020.01.16D07:59:09.441656823,LO_oid605843,BARC.L,S,88410,167.8,,,
new,2020.01.16D07:59:17.817259853,LO_oid605945,BARC.L,B,19828,183.34,,,
new,2020.01.16D07:59:17.817259853,LO_oid605946,BARC.L,S,88410,167.8,,,
new,2020.01.16D07:59:20.054412708,LO_oid605992,BARC.L,B,25875,183.34,,,
new,2020.01.16D07:59:20.054412708,LO_oid605993,BARC.L,S,88410,167.8,,,
new,2020.01.16D07:59:27.808960057,LO_oid606093,BARC.L,B,25875,183.34,,,
new,2020.01.16D07:59:27.808960057,LO_oid606094,BARC.L,S,106241,167.8,,,
new,2020.01.16D07:59:28.408603129,LO_oid606103,BARC.L,B,25875,183.34,,,
new,2020.01.16D07:59:28.408603129,LO_oid606104,BARC.L,S,106440,167.8,,,
new,2020.01.16D07:59:29.980679646,LO_oid606133,BARC.L,B,31802,183.34,,,
new,2020.01.16D07:59:29.980679646,LO_oid606134,BARC.L,S,106440,167.8,,,
new,2020.01.16D07:59:31.808743563,LO_oid606189,BARC.L,B,31834,183.34,,,
new,2020.01.16D07:59:31.808743563,LO_oid606190,BARC.L,S,106440,167.8,,,
new,2020.01.16D07:59:31.932711490,LO_oid606200,BARC.L,B,31834,183.34,,,
new,2020.01.16D07:59:31.932711490,LO_oid606201,BARC.L,S,121577,167.8,,,
new,2020.01.16D07:59:32.536773139,LO_oid606214,BARC.L,B,31856,183.34,,,
new,2020.01.16D07:59:32.536773139,LO_oid606215,BARC.L,S,121577,167.8,,,
new,2020.01.16D07:59:34.173419784,LO_oid606244,BARC.L,B,31878,183.34,,,
new,2020.01.16D07:59:34.173419784,LO_oid606245,BARC.L,S,121577,167.8,,,
new,2020.01.16D07:59:40.057094667,LO_oid606325,BARC.L,B,40981,183.34,,,
new,2020.01.16D07:59:40.057094667,LO_oid606326,BARC.L,S,121577,167.8,,,
new,2020.01.16D07:59:50.129521658,LO_oid606621,BARC.L,B,40981,183.34,,,
new,2020.01.16D07:59:50.129521658,LO_oid606622,BARC.L,S,122026,167.8,,,
new,2020.01.16D07:59:55.056745347,LO_oid606713,BARC.L,B,44414,183.34,,,
new,2020.01.16D07:59:55.056745347,LO_oid606714,BARC.L,S,122026,167.8,,,
new,2020.01.16D07:59:55.788654475,LO_oid606755,BARC.L,B,44418,183.34,,,
new,2020.01.16D07:59:55.788654475,LO_oid606756,BARC.L,S,122026,167.8,,,
new,2020.01.16D07:59:55.880962974,LO_oid606757,BARC.L,B,44419,183.34,,,
new,2020.01.16D07:59:55.880962974,LO_oid606758,BARC.L,S,122026,167.8,,,
new,2020.01.16D07:59:56.592754715,LO_oid606785,BARC.L,B,40986,183.34,,,
new,2020.01.16D07:59:56.592754715,LO_oid606786,BARC.L,S,122026,167.8,,,
new,2020.01.16D07:59:57.660724922,LO_oid606811,BARC.L,B,13294,183.46,,,
new,2020.01.16D07:59:57.660724922,LO_oid606812,BARC.L,S,122026,167.8,,,
new,2020.01.16D07:59:57.700805726,LO_oid606813,BARC.L,B,14626,183.52,,,
new,2020.01.16D07:59:57.700805726,LO_oid606814,BARC.L,S,122026,167.8,,,
new,2020.01.16D07:59:57.847719726,LO_oid606821,BARC.L,B,14626,183.52,,,
new,2020.01.16D07:59:57.847719726,LO_oid606822,BARC.L,S,125888,167.8,,,
new,2020.01.16D07:59:58.203801336,LO_oid606841,BARC.L,B,13294,183.46,,,
new,2020.01.16D07:59:58.203801336,LO_oid606842,BARC.L,S,125888,167.8,,,
new,2020.01.16D07:59:58.923836774,LO_oid606891,BARC.L,B,13297,183.46,,,
new,2020.01.16D07:59:58.923836774,LO_oid606892,BARC.L,S,125888,167.8,,,
new,2020.01.16D07:59:59.928212318,LO_oid606971,BARC.L,B,13297,183.46,,,
new,2020.01.16D07:59:59.928212318,LO_oid606972,BARC.L,S,130169,167.8,,,
new,2020.01.16D07:59:59.959859513,LO_oid606977,BARC.L,B,13298,183.46,,,
new,2020.01.16D07:59:59.959859513,LO_oid606978,BARC.L,S,130169,167.8,,,
new,2020.01.16D07:50:00.073501739,LO_oid599175,LLOY.L,B,47000,57.5,,,
new,2020.01.16D07:50:00.073501739,LO_oid599176,LLOY.L,S,5000,59.5,,,
new,2020.01.16D07:50:00.105494095,LO_oid599210,LLOY.L,B,47000,57.5,,,
new,2020.01.16D07:50:00.105494095,LO_oid599211,LLOY.L,S,10208,59.5,,,
new,2020.01.16D07:50:00.109494031,LO_oid599212,LLOY.L,B,47000,57.5,,,
new,2020.01.16D07:50:00.109494031,LO_oid599213,LLOY.L,S,20015,57.81,,,
new,2020.01.16D07:50:01.916565973,LO_oid599302,LLOY.L,B,47000,57.5,,,
new,2020.01.16D07:50:01.916565973,LO_oid599303,LLOY.L,S,5368,57.77,,,
new,2020.01.16D07:50:02.100579779,LO_oid599322,LLOY.L,B,58374,57.5,,,
new,2020.01.16D07:50:02.100579779,LO_oid599323,LLOY.L,S,5368,57.77,,,
new,2020.01.16D07:50:02.136583199,LO_oid599332,LLOY.L,B,74374,57.5,,,
new,2020.01.16D07:50:02.136583199,LO_oid599333,LLOY.L,S,5368,57.77,,,
new,2020.01.16D07:50:03.067768222,LO_oid599348,LLOY.L,B,75374,57.5,,,
new,2020.01.16D07:50:03.067768222,LO_oid599349,LLOY.L,S,5368,57.77,,,
new,2020.01.16D07:50:03.068645456,LO_oid599350,LLOY.L,B,80374,57.5,,,
new,2020.01.16D07:50:03.068645456,LO_oid599351,LLOY.L,B,11419,57.85,,,
new,2020.01.16D07:50:03.068645456,LO_oid599352,LLOY.L,S,5368,57.77,,,
new,2020.01.16D07:50:05.083908769,LO_oid599387,LLOY.L,B,16521,57.85,,,
new,2020.01.16D07:50:05.083908769,LO_oid599388,LLOY.L,S,5368,57.77,,,
new,2020.01.16D07:50:05.136779169,LO_oid599393,LLOY.L,B,42321,57.85,,,
new,2020.01.16D07:50:05.136779169,LO_oid599394,LLOY.L,S,5368,57.77,,,
new,2020.01.16D07:50:05.260802809,LO_oid599398,LLOY.L,B,42321,57.85,,,
new,2020.01.16D07:50:05.260802809,LO_oid599399,LLOY.L,S,6510,57.77,,,
new,2020.01.16D07:50:06.048841992,LO_oid599414,LLOY.L,B,42321,57.85,,,
new,2020.01.16D07:50:06.048841992,LO_oid599415,LLOY.L,S,28097,56.08,,,
new,2020.01.16D07:50:06.051974327,LO_oid599418,LLOY.L,B,42321,57.85,,,
new,2020.01.16D07:50:06.051974327,LO_oid599419,LLOY.L,S,49844,56.08,,,
new,2020.01.16D07:50:06.051974327,LO_oid599420,LLOY.L,S,71591,56.08,,,
new,2020.01.16D07:50:06.051974327,LO_oid599421,LLOY.L,S,93338,56.08,,,
new,2020.01.16D07:50:06.051974327,LO_oid599422,LLOY.L,S,115085,56.08,,,
new,2020.01.16D07:50:06.051974327,LO_oid599423,LLOY.L,S,136832,56.08,,,
new,2020.01.16D07:50:06.051974327,LO_oid599424,LLOY.L,S,158579,56.08,,,
new,2020.01.16D07:50:06.051974327,LO_oid599425,LLOY.L,S,180326,56.08,,,
new,2020.01.16D07:50:06.052837137,LO_oid599426,LLOY.L,B,42321,57.85,,,
new,2020.01.16D07:50:06.052837137,LO_oid599427,LLOY.L,S,202073,56.08,,,
new,2020.01.16D07:50:06.052837137,LO_oid599428,LLOY.L,S,223827,56.08,,,
new,2020.01.16D07:50:09.824181903,LO_oid599470,LLOY.L,B,42321,57.85,,,
new,2020.01.16D07:50:09.824181903,LO_oid599471,LLOY.L,S,227693,56.08,,,
new,2020.01.16D07:50:10.177114099,LO_oid599480,LLOY.L,B,42321,57.85,,,
new,2020.01.16D07:50:10.177114099,LO_oid599481,LLOY.L,S,222178,49.14,,,
new,2020.01.16D07:50:10.544105013,LO_oid599504,LLOY.L,B,42855,61.27,,,
new,2020.01.16D07:50:10.544105013,LO_oid599505,LLOY.L,S,222178,49.14,,,
new,2020.01.16D07:50:13.421341192,LO_oid599532,LLOY.L,B,51342,61.27,,,
new,2020.01.16D07:50:13.421341192,LO_oid599533,LLOY.L,S,222178,49.14,,,
new,2020.01.16D07:50:15.780536560,LO_oid599552,LLOY.L,B,51342,61.27,,,
new,2020.01.16D07:50:15.780536560,LO_oid599553,LLOY.L,S,251178,49.14,,,
new,2020.01.16D07:50:15.780536560,LO_oid599554,LLOY.L,S,258953,49.14,,,
new,2020.01.16D07:50:18.215521530,LO_oid599567,LLOY.L,B,283354,63.59,,,
new,2020.01.16D07:50:18.215521530,LO_oid599568,LLOY.L,S,258953,49.14,,,
new,2020.01.16D07:50:26.508197133,LO_oid599682,LLOY.L,B,286333,63.59,,,
new,2020.01.16D07:50:26.508197133,LO_oid599683,LLOY.L,S,258953,49.14,,,
new,2020.01.16D07:50:27.779973949,LO_oid599690,LLOY.L,B,287211,63.59,,,
new,2020.01.16D07:50:27.779973949,LO_oid599691,LLOY.L,S,258953,49.14,,,
new,2020.01.16D07:50:30.280126752,LO_oid599747,LLOY.L,B,287211,63.59,,,
new,2020.01.16D07:50:30.280126752,LO_oid599748,LLOY.L,S,263633,49.14,,,
new,2020.01.16D07:50:32.128576054,LO_oid599771,LLOY.L,B,287211,63.59,,,
new,2020.01.16D07:50:32.128576054,LO_oid599772,LLOY.L,S,264033,49.14,,,
new,2020.01.16D07:50:40.164153006,LO_oid599832,LLOY.L,B,287211,63.59,,,
new,2020.01.16D07:50:40.164153006,LO_oid599833,LLOY.L,B,305051,63.59,,,
new,2020.01.16D07:50:40.164153006,LO_oid599834,LLOY.L,S,330571,49.14,,,
new,2020.01.16D07:51:00.064425889,LO_oid600045,LLOY.L,B,346904,63.59,,,
new,2020.01.16D07:51:00.064425889,LO_oid600046,LLOY.L,S,330571,49.14,,,
new,2020.01.16D07:51:40.163697042,LO_oid600477,LLOY.L,B,346904,63.59,,,
new,2020.01.16D07:51:40.163697042,LO_oid600478,LLOY.L,S,264033,49.14,,,
new,2020.01.16D07:51:40.167657291,LO_oid600479,LLOY.L,B,346904,63.59,,,
new,2020.01.16D07:51:40.167657291,LO_oid600480,LLOY.L,S,308400,49.14,,,
new,2020.01.16D07:52:00.635706182,LO_oid600673,LLOY.L,B,346904,63.59,,,
new,2020.01.16D07:52:00.635706182,LO_oid600674,LLOY.L,S,317014,49.14,,,
new,2020.01.16D07:52:01.311732496,LO_oid600706,LLOY.L,B,371904,63.59,,,
new,2020.01.16D07:52:01.311732496,LO_oid600707,LLOY.L,S,317014,49.14,,,
new,2020.01.16D07:52:10.163693304,LO_oid600771,LLOY.L,B,371904,63.59,,,
new,2020.01.16D07:52:10.163693304,LO_oid600772,LLOY.L,S,272647,49.14,,,
new,2020.01.16D07:52:10.163693304,LO_oid600773,LLOY.L,S,101027,56.08,,,
new,2020.01.16D07:52:10.167605384,LO_oid600774,LLOY.L,B,371904,63.59,,,
new,2020.01.16D07:52:10.167605384,LO_oid600775,LLOY.L,B,366802,63.59,,,
new,2020.01.16D07:52:10.167605384,LO_oid600776,LLOY.L,B,348962,63.59,,,
new,2020.01.16D07:52:10.167605384,LO_oid600777,LLOY.L,S,312025,49.14,,,
new,2020.01.16D07:52:40.167081689,LO_oid601086,LLOY.L,B,348962,63.59,,,
new,2020.01.16D07:52:40.167081689,LO_oid601087,LLOY.L,S,101027,56.08,,,
new,2020.01.16D07:52:40.167081689,LO_oid601088,LLOY.L,S,301029,49.14,,,
new,2020.01.16D07:53:00.071435152,LO_oid601320,LLOY.L,B,337694,63.59,,,
new,2020.01.16D07:53:00.071435152,LO_oid601321,LLOY.L,S,301029,49.14,,,
new,2020.01.16D07:53:10.167196613,LO_oid601480,LLOY.L,B,337694,63.59,,,
new,2020.01.16D07:53:10.167196613,LO_oid601481,LLOY.L,S,101027,56.08,,,
new,2020.01.16D07:53:10.168115823,LO_oid601482,LLOY.L,B,337694,63.59,,,
new,2020.01.16D07:53:10.168115823,LO_oid601483,LLOY.L,S,285305,49.14,,,
new,2020.01.16D07:54:30.510380785,LO_oid602448,LLOY.L,B,337694,63.59,,,
new,2020.01.16D07:54:30.510380785,LO_oid602449,LLOY.L,S,313806,49.14,,,
new,2020.01.16D07:54:40.165758285,LO_oid602527,LLOY.L,B,337694,63.59,,,
new,2020.01.16D07:54:40.165758285,LO_oid602528,LLOY.L,S,129528,56.08,,,
new,2020.01.16D07:54:40.166069646,LO_oid602529,LLOY.L,B,337694,63.59,,,
new,2020.01.16D07:54:40.166069646,LO_oid602530,LLOY.L,S,306310,49.14,,,
new,2020.01.16D07:55:10.162259765,LO_oid602797,LLOY.L,B,337694,63.59,,,
new,2020.01.16D07:55:10.162259765,LO_oid602798,LLOY.L,S,129528,56.08,,,
new,2020.01.16D07:55:10.166243165,LO_oid602799,LLOY.L,B,337694,63.59,,,
new,2020.01.16D07:55:10.166243165,LO_oid602800,LLOY.L,S,293391,49.14,,,
new,2020.01.16D07:55:27.218078425,LO_oid603060,LLOY.L,B,337694,63.59,,,
new,2020.01.16D07:55:27.218078425,LO_oid603061,LLOY.L,S,309237,49.14,,,
new,2020.01.16D07:55:30.122213808,LO_oid603086,LLOY.L,B,337792,63.59,,,
new,2020.01.16D07:55:30.122213808,LO_oid603087,LLOY.L,S,309237,49.14,,,
new,2020.01.16D07:55:30.742206986,LO_oid603116,LLOY.L,B,337792,63.59,,,
new,2020.01.16D07:55:30.742206986,LO_oid603117,LLOY.L,S,309573,49.14,,,
new,2020.01.16D07:55:40.165777647,LO_oid603284,LLOY.L,B,337792,63.59,,,
new,2020.01.16D07:55:40.165777647,LO_oid603285,LLOY.L,S,145710,56.08,,,
new,2020.01.16D07:55:40.169726871,LO_oid603286,LLOY.L,B,337792,63.59,,,
new,2020.01.16D07:55:40.169726871,LO_oid603287,LLOY.L,S,305228,49.14,,,
new,2020.01.16D07:55:41.245744569,LO_oid603292,LLOY.L,B,337792,63.59,,,
new,2020.01.16D07:55:41.245744569,LO_oid603293,LLOY.L,S,319143,49.14,,,
new,2020.01.16D07:55:41.874163837,LO_oid603304,LLOY.L,B,337792,63.59,,,
new,2020.01.16D07:55:41.874163837,LO_oid603305,LLOY.L,S,453588,49.14,,,
new,2020.01.16D07:56:02.934517023,LO_oid603771,LLOY.L,B,337792,63.59,,,
new,2020.01.16D07:56:02.934517023,LO_oid603772,LLOY.L,S,420070,49.14,,,
new,2020.01.16D07:56:10.169226559,LO_oid603959,LLOY.L,B,337792,63.59,,,
new,2020.01.16D07:56:10.169226559,LO_oid603960,LLOY.L,S,453525,49.14,,,
new,2020.01.16D07:56:11.933374756,LO_oid604025,LLOY.L,B,337792,63.59,,,
new,2020.01.16D07:56:11.933374756,LO_oid604026,LLOY.L,S,453512,49.14,,,
new,2020.01.16D07:56:31.981391524,LO_oid604355,LLOY.L,B,337189,63.59,,,
new,2020.01.16D07:56:31.981391524,LO_oid604356,LLOY.L,S,453512,49.14,,,
new,2020.01.16D07:56:31.985334628,LO_oid604357,LLOY.L,B,337189,63.59,,,
new,2020.01.16D07:56:31.985334628,LO_oid604358,LLOY.L,S,433410,49.14,,,
new,2020.01.16D07:56:38.993951477,LO_oid604400,LLOY.L,B,337189,63.59,,,
new,2020.01.16D07:56:38.993951477,LO_oid604401,LLOY.L,S,429387,49.14,,,
new,2020.01.16D07:56:40.166032611,LO_oid604412,LLOY.L,B,337189,63.59,,,
new,2020.01.16D07:56:40.166032611,LO_oid604413,LLOY.L,S,395932,49.14,,,
new,2020.01.16D07:56:40.169747418,LO_oid604414,LLOY.L,B,337189,63.59,,,
new,2020.01.16D07:56:40.169747418,LO_oid604415,LLOY.L,S,411969,49.14,,,
new,2020.01.16D07:56:54.545489841,LO_oid604566,LLOY.L,B,337167,63.59,,,
new,2020.01.16D07:56:54.545489841,LO_oid604567,LLOY.L,S,411969,49.14,,,
new,2020.01.16D07:57:10.169336741,LO_oid604699,LLOY.L,B,337167,63.59,,,
new,2020.01.16D07:57:10.169336741,LO_oid604700,LLOY.L,S,212109,49.14,,,
new,2020.01.16D07:57:10.170029310,LO_oid604701,LLOY.L,B,337167,63.59,,,
new,2020.01.16D07:57:10.170029310,LO_oid604702,LLOY.L,S,242742,56.08,,,
new,2020.01.16D07:57:10.170029310,LO_oid604703,LLOY.L,S,369832,49.14,,,
new,2020.01.16D07:57:10.225333084,LO_oid604704,LLOY.L,B,337167,63.59,,,
new,2020.01.16D07:57:10.225333084,LO_oid604705,LLOY.L,S,368194,49.14,,,
new,2020.01.16D07:57:11.057312375,LO_oid604712,LLOY.L,B,337167,63.59,,,
new,2020.01.16D07:57:11.057312375,LO_oid604713,LLOY.L,S,353955,49.14,,,
new,2020.01.16D07:57:21.508879506,LO_oid604782,LLOY.L,B,337130,63.59,,,
new,2020.01.16D07:57:21.508879506,LO_oid604783,LLOY.L,S,353955,49.14,,,
new,2020.01.16D07:57:30.077370529,LO_oid604874,LLOY.L,B,327293,63.59,,,
new,2020.01.16D07:57:30.077370529,LO_oid604875,LLOY.L,S,353955,49.14,,,
new,2020.01.16D07:57:40.120820376,LO_oid604958,LLOY.L,B,327293,63.59,,,
new,2020.01.16D07:57:40.120820376,LO_oid604959,LLOY.L,S,350367,49.14,,,
new,2020.01.16D07:57:40.164751581,LO_oid604960,LLOY.L,B,327293,63.59,,,
new,2020.01.16D07:57:40.164751581,LO_oid604961,LLOY.L,S,217813,56.08,,,
new,2020.01.16D07:57:40.168960278,LO_oid604962,LLOY.L,B,327293,63.59,,,
new,2020.01.16D07:57:40.168960278,LO_oid604963,LLOY.L,S,320972,49.14,,,
new,2020.01.16D07:57:54.328547030,LO_oid605104,LLOY.L,B,327293,63.59,,,
new,2020.01.16D07:57:54.328547030,LO_oid605105,LLOY.L,S,330972,49.14,,,
new,2020.01.16D07:58:10.168357160,LO_oid605219,LLOY.L,B,327293,63.59,,,
new,2020.01.16D07:58:10.168357160,LO_oid605220,LLOY.L,S,186607,49.14,,,
new,2020.01.16D07:58:10.168950337,LO_oid605221,LLOY.L,B,327293,63.59,,,
new,2020.01.16D07:58:10.168950337,LO_oid605222,LLOY.L,S,312631,49.14,,,
new,2020.01.16D07:58:11.456361804,LO_oid605259,LLOY.L,B,327293,63.59,,,
new,2020.01.16D07:58:11.456361804,LO_oid605260,LLOY.L,S,316445,49.14,,,
new,2020.01.16D07:58:12.180399692,LO_oid605268,LLOY.L,B,327293,63.59,,,
new,2020.01.16D07:58:12.180399692,LO_oid605269,LLOY.L,S,313732,49.14,,,
new,2020.01.16D07:58:32.044555422,LO_oid605376,LLOY.L,B,168104,63.59,,,
new,2020.01.16D07:58:32.044555422,LO_oid605377,LLOY.L,S,313732,49.14,,,
new,2020.01.16D07:58:32.144425738,LO_oid605378,LLOY.L,B,168082,63.59,,,
new,2020.01.16D07:58:32.144425738,LO_oid605379,LLOY.L,S,313732,49.14,,,
new,2020.01.16D07:58:32.148374786,LO_oid605380,LLOY.L,B,168082,63.59,,,
new,2020.01.16D07:58:32.148374786,LO_oid605381,LLOY.L,S,313123,49.14,,,
new,2020.01.16D07:58:36.344735533,LO_oid605412,LLOY.L,B,141817,63.59,,,
new,2020.01.16D07:58:36.344735533,LO_oid605413,LLOY.L,S,313123,49.14,,,
new,2020.01.16D07:58:40.168791669,LO_oid605459,LLOY.L,B,141817,63.59,,,
new,2020.01.16D07:58:40.168791669,LO_oid605460,LLOY.L,S,187099,49.14,,,
new,2020.01.16D07:58:40.168941733,LO_oid605461,LLOY.L,B,141817,63.59,,,
new,2020.01.16D07:58:40.168941733,LO_oid605462,LLOY.L,S,302677,49.14,,,
new,2020.01.16D07:58:40.244931238,LO_oid605463,LLOY.L,B,141817,63.59,,,
new,2020.01.16D07:58:40.244931238,LO_oid605464,LLOY.L,S,291756,49.14,,,
new,2020.01.16D07:58:42.144932773,LO_oid605496,LLOY.L,B,133984,63.59,,,
new,2020.01.16D07:58:42.144932773,LO_oid605497,LLOY.L,S,291756,49.14,,,
new,2020.01.16D07:58:59.632933052,LO_oid605716,LLOY.L,B,133967,63.59,,,
new,2020.01.16D07:58:59.632933052,LO_oid605717,LLOY.L,S,291756,49.14,,,
new,2020.01.16D07:59:00.081317378,LO_oid605756,LLOY.L,B,128536,63.59,,,
new,2020.01.16D07:59:00.081317378,LO_oid605757,LLOY.L,S,291756,49.14,,,
new,2020.01.16D07:59:01.616945546,LO_oid605778,LLOY.L,B,128536,63.59,,,
new,2020.01.16D07:59:01.616945546,LO_oid605779,LLOY.L,S,291210,49.14,,,
new,2020.01.16D07:59:10.168356994,LO_oid605848,LLOY.L,B,128536,63.59,,,
new,2020.01.16D07:59:10.168356994,LO_oid605849,LLOY.L,S,175632,49.14,,,
new,2020.01.16D07:59:10.168929588,LO_oid605850,LLOY.L,B,128536,63.59,,,
new,2020.01.16D07:59:10.168929588,LO_oid605851,LLOY.L,S,274779,49.14,,,
new,2020.01.16D07:59:10.244355244,LO_oid605852,LLOY.L,B,128536,63.59,,,
new,2020.01.16D07:59:10.244355244,LO_oid605853,LLOY.L,S,295050,49.14,,,
new,2020.01.16D07:59:11.308434547,LO_oid605882,LLOY.L,B,128536,63.59,,,
new,2020.01.16D07:59:11.308434547,LO_oid605883,LLOY.L,S,293103,49.14,,,
new,2020.01.16D07:59:19.384811840,LO_oid605986,LLOY.L,B,128536,63.59,,,
new,2020.01.16D07:59:19.384811840,LO_oid605987,LLOY.L,S,289289,49.14,,,
new,2020.01.16D07:59:19.912613447,LO_oid605990,LLOY.L,B,128536,63.59,,,
new,2020.01.16D07:59:19.912613447,LO_oid605991,LLOY.L,S,292442,49.14,,,
new,2020.01.16D07:59:25.372107577,LO_oid606033,LLOY.L,B,128536,63.59,,,
new,2020.01.16D07:59:25.372107577,LO_oid606034,LLOY.L,S,291921,49.14,,,
new,2020.01.16D07:59:27.048199060,LO_oid606059,LLOY.L,B,128536,63.59,,,
new,2020.01.16D07:59:27.048199060,LO_oid606060,LLOY.L,S,291951,49.14,,,
new,2020.01.16D07:59:29.268340128,LO_oid606117,LLOY.L,B,128922,63.59,,,
new,2020.01.16D07:59:29.268340128,LO_oid606118,LLOY.L,S,291951,49.14,,,
new,2020.01.16D07:59:30.076419994,LO_oid606143,LLOY.L,B,129847,63.59,,,
new,2020.01.16D07:59:30.076419994,LO_oid606144,LLOY.L,S,291951,49.14,,,
new,2020.01.16D07:59:30.448446446,LO_oid606153,LLOY.L,B,235327,63.59,,,
new,2020.01.16D07:59:30.448446446,LO_oid606154,LLOY.L,S,291951,49.14,,,
new,2020.01.16D07:59:30.840452750,LO_oid606161,LLOY.L,B,235327,63.59,,,
new,2020.01.16D07:59:30.840452750,LO_oid606162,LLOY.L,S,292238,49.14,,,
new,2020.01.16D07:59:31.388470448,LO_oid606181,LLOY.L,B,235327,63.59,,,
new,2020.01.16D07:59:31.388470448,LO_oid606182,LLOY.L,S,292363,49.14,,,
new,2020.01.16D07:59:31.805406988,LO_oid606187,LLOY.L,B,235327,63.59,,,
new,2020.01.16D07:59:31.805406988,LO_oid606188,LLOY.L,S,311518,49.14,,,
new,2020.01.16D07:59:31.868532930,LO_oid606191,LLOY.L,B,235343,63.59,,,
new,2020.01.16D07:59:31.868532930,LO_oid606192,LLOY.L,S,311518,49.14,,,
new,2020.01.16D07:59:31.869413884,LO_oid606193,LLOY.L,B,235343,63.59,,,
new,2020.01.16D07:59:31.869413884,LO_oid606194,LLOY.L,S,312058,49.14,,,
new,2020.01.16D07:59:31.873411516,LO_oid606195,LLOY.L,B,235343,63.59,,,
new,2020.01.16D07:59:31.873411516,LO_oid606196,LLOY.L,S,313603,49.14,,,
new,2020.01.16D07:59:32.208529019,LO_oid606210,LLOY.L,B,236986,63.59,,,
new,2020.01.16D07:59:32.208529019,LO_oid606211,LLOY.L,S,313603,49.14,,,
new,2020.01.16D07:59:33.009485685,LO_oid606228,LLOY.L,B,239903,63.59,,,
new,2020.01.16D07:59:33.009485685,LO_oid606229,LLOY.L,S,313603,49.14,,,
new,2020.01.16D07:59:33.464622626,LO_oid606238,LLOY.L,B,242263,63.59,,,
new,2020.01.16D07:59:33.464622626,LO_oid606239,LLOY.L,S,313603,49.14,,,
new,2020.01.16D07:59:40.187897872,LO_oid606333,LLOY.L,B,242923,63.59,,,
